2796 4185
507 395 587 453 66
1112 408 1440 464 emovs,
1485 409 1560 450 nn
1603 409 1816 450 ronrrs.

588 586 896 665 pangendo
940 585 1163 646 felicior
1204 605 1385 663 quam
1427 587 1489 644 in
1535 587 1726 646 soluta
1759 587 2018 646 oratione
2061 586 2205 646 mihi
2239 586 2423 646 fuisse

590 677 837 736 videtur.
929 675 1062 734 Fuit
1123 681 1184 734 et
1244 676 1397 735 inter
1463 674 1663 735 Gallos
1727 676 2057 736 Salmonius
2130 675 2422 734 Macrinus

586 765 1045 838 IuliodunensiS,
1108 765 1353 825 celebris
1415 773 1588 842 poeta
1647 764 1879 839 Gallus,
1942 765 2166 840 lyricus
2228 765 2423 841 potius

588 873 767 932 quam
811 854 907 913 vel
951 853 1155 930 elegus
1198 853 1293 913 vel
1338 854 1624 912 heroicus,
1694 855 1902 913 Libros
1947 854 2272 913 carminum
2317 871 2423 912 seu

525 957 553 998 5
588 943 830 1002 odarum
861 943 1172 1020 plerosque
1206 943 1572 1020 conscripsit,
1617 943 1721 1020 qui
1753 943 1896 1002 editi
1933 948 2070 1003 sunt
2095 943 2336 1002 Parisiis
2365 953 2423 1002 et

589 1032 809 1109 passim
863 1032 1167 1108 leguntur3
1212 1032 1325 1090 fuit
1367 1032 1466 1090 hic
1511 1051 1546 1090 a
1589 1033 1858 1092 cubiculo
1912 1032 2070 1108 regis
2115 1031 2420 1091 Francisci.

504 1133 591 1188 [76]
650 1121 956 1180 Habentur
1000 1126 1060 1180 et
1104 1121 1217 1180 alia
1260 1121 1389 1180 eius
1434 1121 1717 1197 opuscula
1743 1121 1830 1179 di·-
1862 1115 1870 1205 Ι
1900 1139 2072 1180 verso
2099 1121 2423 1180 carminum

590 1227 827 1285 genere,
902 1209 1136 1285 scripsit
1206 1215 1267 1269 et
1326 1211 1596 1284 hymnos,
1703 1211 2046 1269 Dominicus
2117 1210 2422 1269 Mancinus

589 1297 933 1372 Germanus,
979 1298 1147 1358 cuius
1191 1299 1439 1375 pau-iam
1483 1299 1703 1375 ignoro,
1749 1299 2003 1376 plurima
2043 1299 2276 1374 scripsit
2301 1304 2422 1357 tam

499 1401 553 1448 10
587 1393 773 1446 metro
818 1405 996 1464 quam
1042 1388 1231 1446 soluta
1276 1388 1556 1461 oratione,
1611 1406 1762 1464 quae
1803 1389 1880 1447 ad
1924 1388 2186 1447 notitiam
2231 1405 2422 1446 meam

588 1495 704 1535 non
748 1495 1091 1552 pervenere3
1138 1477 1245 1536 sed
1289 1495 1367 1536 ex
1411 1477 1542 1536 aliis
1587 1477 1811 1552 audivi,
1856 1477 1956 1554 qui
2003 1495 2070 1536 se
2103 1477 2172 1546 ‚in
2217 1476 2424 1553 primis

588 1565 939 1642 opusculum
982 1567 1197 1641 legisse
1242 1565 1554 1624 adfirmant
1609 1566 1684 1625 de
1738 1566 1958 1625 domini
2013 1566 2194 1624 nostri
2245 1583 2422 1641 quam

588 1655 675 1713 sic
718 1672 995 1713 vocamus
1041 1655 1327 1732 passione.
1390 1655 1559 1714 Vixit
1605 1656 1714 1714 sub
1759 1655 2174 1727 MaximilianO,
2211 1655 2424 1713 Roma-

588 1761 797 1802 norum
876 1761 1017 1819 rege
1035 1789 1049 1817 ,
1134 1761 1289 1803 anno
1361 1743 1593 1802 circiter
1659 1744 1794 1804 MD.
1866 1743 2278 1819 Engelhardus
2349 1743 2424 1802 de

502 1845 551 1886 15
585 1833 827 1892 Francia
871 1833 1151 1906 orientali,
1206 1832 1440 1892 natione
1483 1832 1837 1904 Germanus3
1884 1833 2104 1892 Romae
2157 1838 2424 1892 versatus

584 1928 677 1981 est
730 1928 791 1981 et
835 1922 1093 1980 carmina
1149 1922 1402 1998 plurima
1448 1922 1712 1998 scripsit,
1768 1941 1917 1999 quae
1971 1939 2422 1981 commemorare

590 2011 1003 2088 supervacanei
1028 2011 1221 2087 operis
1238 2011 1488 2070 videtur.
1554 2011 1778 2070 Claruit
1805 2012 2008 2070 eodem
2026 2010 2422 2070 Maximiliano

583 2102 905 2177 imperante
962 2100 1208 2160 Iacobus
1256 2101 1755 2178 Wimphelingus,
1817 2101 2086 2161 sacerdos
2145 2100 2423 2160 ecelesiae

586 2190 897 2266 Spirensis,
979 2190 1266 2266 Pleraque
1328 2190 1512 2249 edidit
1565 2190 1846 2264 carmina,
1917 2191 2070 2249 inter
2135 2208 2286 2266 quae
2348 2190 2423 2247 ad

497 2290 551 2332 20
586 2278 971 2337 Bertholdum
1031 2278 1532 2355 archiepiscopum
1590 2280 1999 2355 Moguntinum
2062 2296 2211 2355 opus
2273 2278 2424 2337 cele-

586 2368 906 2427 berrimum
949 2368 1289 2427 hexametro
1315 2373 1376 2426 et
1403 2374 1764 2444 pentametro
1785 2386 1962 2427 versu
1991 2368 2423 2443 elegantissime

582 2456 926 2532 composuit,
956 2457 1113 2532 quod
1140 2458 1500 2534 praenotavit
1516 2459 1602 2517 De
1630 2457 1843 2533 triplici
1869 2457 2148 2534 candore3
2190 2457 2424 2533 scripsit

582 2550 641 2605 et
668 2546 956 2622 poeticam
995 2552 1056 2605 et
1080 2546 1194 2605 alia
1220 2546 1512 2623 permulta
1549 2547 1737 2605 soluta
1765 2546 2035 2621 oratione,
2079 2565 2228 2623 quae
2263 2546 2422 2622 apud

584 2632 875 2693 Teutonas
888 2634 1188 2694 habentur.
1231 2635 1366 2694 Fuit
1390 2641 1451 2695 et
1463 2635 1794 2695 Ioachimus
1805 2635 2103 2695 Vadianus
2117 2635 2422 2695 Helvetius

493 2736 547 2777 25
583 2724 741 2799 apud
770 2722 1092 2783 Germanos
1120 2730 1349 2784 nostros
1376 2725 1728 2801 celebratus;
1769 2724 2028 2783 Viennae
2059 2724 2422 2784 Pannonicae

584 2812 941 2888 aliquamdiu
1014 2814 1213 2873 docuit
1288 2813 1684 2873 Maximiliano
1759 2814 2004 2873 Caesare
2081 2814 2420 2890 imperante.

582 2901 829 2977 Scripsit
849 2903 1005 2960 varia
1021 2908 1150 2961 tum
1168 2902 1357 2961 soluta
1374 2908 1503 2961 tum
1521 2903 1781 2978 pedestri
1799 2903 2074 2978 oratione,
2101 2903 2254 2961 inter
2271 2921 2422 2979 quae

584 2996 723 3049 sunt
768 2992 941 3050 haec:
988 3010 1224 3051 carmen
1251 2992 1325 3049 de
1364 2990 1635 3050 laudibus
1663 2990 1981 3051 Caesarum
2007 2992 2284 3051 Friderici
2311 2992 2419 3051 HI.

584 3080 769 3156 patris
814 3084 874 3138 et
918 3080 1023 3137 filii
1066 3080 1466 3155 Maximiliani,
1513 3081 1729 3157 ecloga,
1775 3082 1872 3140 cui
1917 3082 2123 3142 titulus
2168 3082 2421 3141 Faustus

490 3180 547 3222 30
583 3174 782 3227 contra
827 3168 1059 3227 invidos
1104 3170 1416 3246 quosdam,
1471 3170 1662 3245 elegia
1703 3170 1911 3245 altera,
1965 3190 2082 3249 qua
2125 3176 2422 3231 certamen

583 3276 757 3317 suum
830 3276 967 3316 cum
1038 3264 1225 3317 morte
1296 3258 1596 3333 describit,
1669 3265 1730 3318 et
1801 3261 1946 3319 odae
2015 3261 2076 3319 in
2147 3260 2421 3319 laudibus

583 3347 922 3420 dominicae,
968 3352 1035 3405 ut
1077 3346 1391 3406 Christiani
1425 3348 1692 3422 dicimus,
1739 3349 2191 3423 resurrectioniS,
2241 3348 2421 3409 silvae

581 3436 656 3494 de
716 3436 987 3494 laudibus
1044 3437 1291 3513 patriae,
1356 3437 1430 3495 de
1489 3438 1715 3513 poetica
1769 3444 1830 3497 et
1874 3438 2146 3497 carminis
2199 3439 2421 3497 ratione

580 3524 743 3583 liber.
834 3524 1081 3583 Ioannes
1136 3524 1530 3601 Cuspinianus
1594 3525 1948 3600 GermanuS,
2008 3527 2176 3585 cuius
2235 3528 2422 3587 multa

488 3624 549 3665 35
589 3618 822 3672 exstant
867 3631 1005 3671 cum
1050 3614 1303 3673 carmine
1347 3620 1476 3673 tum
1533 3615 1723 3673 soluta
1778 3616 2032 3675 oratione
2076 3617 2420 3693 conscripta,
