2796 4185
438 954 466 994 5

417 1401 466 1439 10

1017 408 1344 465 ermnvs,
1387 409 1463 449 m:
1508 409 1721 450 Pon-ris.
2252 393 2331 452 13

498 585 727 661 ingredi
781 584 1038 662 possint,
1099 587 1173 645 ad
1218 602 1396 664 quam
1443 587 1645 663 utique
1687 585 1937 645 Ioannes
1991 587 2336 646 Franciscus

501 671 729 734 Galeoti
773 675 933 734 filius
977 675 1166 752 pleno,
1214 681 1281 734 ut
1323 675 1554 749 dieitur,
1600 675 1787 751 gradu
1834 676 2145 735 contendit.
2220 676 2336 735 Hic

499 769 635 840 post
690 781 902 840 graves
959 769 1021 824 et
1053 764 1323 840 ingentes
1368 765 1612 835 labores,
1658 779 1732 822 ne
1776 782 2086 823 aerumnas
2138 765 2336 841 potius

501 853 692 920 dicam
751 848 1095 926 Herculeas,
1158 859 1293 930 post
1352 853 1527 927 bella,
1593 853 1748 930 quod
1808 853 2002 912 dicere
2060 859 2152 912 est
2208 854 2337 930 ipse

503 942 725 1016 solitus,
787 942 923 1019 plus
981 961 1158 1018 quam
1216 942 1423 1016 civilia,
1484 943 1699 1018 quibus
1754 949 1985 1018 praeter
2038 942 2233 1001 divina
2277 949 2337 1002 et

503 1032 760 1090 humana
801 1031 928 1090 iura
973 1036 1214 1107 paterna
1257 1036 1318 1090 et
1360 1031 1517 1090 avita
1561 1031 1788 1090 dicione
1834 1031 1923 1090 bis
1967 1032 2083 1090 iam
2114 1032 2337 1090 eiectus

501 1125 593 1178 est
637 1121 882 1195 (avertat
925 1119 1103 1193 Deus,
1149 1137 1224 1180 ne
1266 1126 1328 1178 et
1355 1120 1527 1179 tertio
1552 1125 1614 1179 et
1644 1137 1762 1179 una
1792 1138 1864 1180 ne
1890 1121 2013 1180 vita
2036 1119 2337 1198 privetur),

502 1214 638 1285 post
659 1209 984 1285 theologiae
1001 1227 1072 1268 ac
1088 1209 1491 1286 philosophiae
1518 1215 1959 1286 ceterarumque
1986 1209 2335 1286 optimarum

501 1298 716 1357 artium
761 1295 971 1371 studia,
1018 1303 1152 1374 post
1196 1297 1423 1357 infinita
1467 1315 1652 1375 paene
1696 1299 2012 1373 volumina,
2068 1317 2219 1376 quae
2263 1299 2337 1356 ad

503 1387 655 1446 hanc
681 1387 840 1446 diem
871 1387 1061 1446 soluta
1089 1388 1345 1446 oratione
1373 1387 1718 1464 composuit,
1752 1405 1819 1446 se
1848 1388 2337 1447 mansuetioribus

502 1475 806 1536 Musarum
879 1476 1090 1536 studiis
1151 1482 1431 1554 tanquam
1494 1477 1569 1535 ad
1627 1477 2066 1536 amoenissimos
2148 1477 2337 1535 fontes

416 1575 506 1630 [17]
543 1565 748 1624 solitus
778 1571 872 1624 est
900 1567 1045 1624 reci·
1069 1560 1076 1648 Ι
1100 1584 1238 1642 pere
1265 1572 1445 1642 atque
1474 1566 1611 1624 inde
1637 1566 1897 1623 animum
1914 1585 1951 1624 a
1978 1565 2339 1641 gravioribus

418 1845 470 1884 15

416 2291 472 2331 20

425 3626 477 3667 35

503 1655 662 1712 curis
713 1655 924 1714 levare.
987 1653 1140 1713 Nam
1185 1661 1416 1730 praeter
1470 1654 1897 1713 staurostichon
1954 1651 2029 1713 de
2072 1653 2340 1728 mysticis

503 1743 786 1820 prodigiis
843 1743 1064 1820 passim
1119 1744 1181 1800 in
1228 1742 1541 1802 Germania
1600 1743 1843 1802 caelitus
1896 1743 2153 1819 delapsis
2207 1749 2339 1819 post

506 1838 708 1891 votum
751 1851 860 1908 pro
903 1833 1108 1890 uxoris
1153 1832 1342 1890 salute
1386 1832 1651 1891 heroicos
1697 1849 1928 1908 quoque
1974 1832 2225 1906 hymnos
2265 1832 2339 1890 ad

507 1921 934 1980 sanctissimam
987 1921 1320 1994 trinitatem,
1376 1922 1452 1980 ad
1498 1919 1798 1980 Christum
1853 1927 1913 1980 et
1965 1921 2039 1979 ad
2096 1925 2340 1979 matrem

505 2011 793 2086 virginem
848 2010 1032 2070 edidit
1086 2004 1202 2068 una
1247 2023 1384 2068 cum
1430 2009 1859 2069 commentariis
1904 2027 1939 2068 a
1984 2027 2049 2068 se
2094 2009 2340 2068 conditis

505 2101 580 2158 ad
624 2100 832 2160 Picum
888 2100 1092 2173 filium,
1151 2101 1253 2177 qui
1305 2118 1439 2159 eam
1491 2118 1633 2176 prae
1680 2118 1743 2159 se
1788 2101 1903 2159 fert
1946 2100 2217 2173 indolem,
2275 2105 2340 2157 ut

507 2206 642 2248 cum
681 2190 744 2247 in
773 2190 984 2249 ceteris
1015 2190 1341 2265 disciplinis
1385 2195 1515 2247 tum
1548 2190 1609 2247 in
1638 2190 1749 2248 hac
1778 2190 2035 2265 poetices
2066 2189 2340 2247 facultate

507 2284 568 2337 et
619 2278 804 2355 patris
859 2284 919 2337 et
978 2279 1174 2353 magni
1233 2278 1429 2355 patrui
1482 2278 1653 2338 illum
1706 2278 2044 2337 existimem
2096 2277 2343 2352 vestigia

507 2372 863 2441 secuturum,
911 2367 970 2425 ni
1015 2386 1153 2427 eum
1197 2368 1413 2444 aliquis
1456 2369 1606 2427 forte
1650 2366 2077 2426 adulescentiae
2125 2371 2339 2439 aestuS,

505 2462 574 2515 ut
601 2456 947 2533 plerumque
975 2458 1056 2530 fit,
1103 2472 1140 2515 a
1164 2462 1338 2533 portu
1369 2457 1794 2533 aliquantulum
1821 2456 2112 2515 declinare
2140 2454 2338 2530 faciat,

509 2544 614 2604 sed
659 2562 734 2605 ne
779 2546 932 2604 male
977 2546 1317 2605 ominemur.
1388 2546 1637 2622 Scripsit
1680 2545 1874 2619 PicuS,
1922 2545 2098 2602 huius
2143 2544 2341 2615 adule-

509 2635 728 2693 scentis
798 2641 981 2711 pater,
1055 2640 1119 2693 et
1193 2635 1337 2693 alios
1402 2636 1655 2710 hymnos
1718 2635 1780 2692 in
1844 2634 2012 2692 divos
2076 2633 2340 2704 Paulum,

445 2736 472 2776 ὕ
509 2724 906 2796 Laurentium,
954 2724 1286 2797 Martinum,
1333 2722 1759 2797 Geminianum,
1813 2723 2241 2796 Hieronymum
2285 2728 2344 2780 et

509 2813 820 2889 plerosque
875 2812 1021 2871 alios
1080 2826 1190 2871 nec
1244 2829 1359 2871 non
1414 2813 1489 2872 de
1542 2811 1908 2889 expellendis
1952 2811 2343 2887 fugandisque

508 2901 738 2961 Venere
781 2906 843 2961 et
887 2894 1176 2978 Cupidine
1221 2918 1473 2973 cannen,
1528 2902 1701 2979 quod,
1748 2919 1898 2979 quae
1942 2915 2171 2959 summa
2215 2900 2343 2959 eius

509 2992 620 3049 fuit
679 3009 842 3066 erga·
863 3008 960 3049 me
1015 2989 1431 3063 benevolentia,
1478 2991 1553 3049 ad
1609 3008 1707 3049 me
1748 2990 1924 3048 misit.
2002 2988 2116 3048 Hie
2168 2996 2341 3061 certe,

511 3085 578 3138 ut
619 3081 850 3157 primus
895 3081 1148 3155 hymnos
1191 3096 1369 3138 versu
1416 3080 1645 3139 heroico
1700 3080 1760 3137 in
1814 3079 2008 3138 lucem
2053 3078 2345 3137 revocavit

511 3186 588 3227 ex
633 3170 834 3229 multis
881 3168 1132 3227 saeculis
1176 3169 1310 3227 iam'
1340 3169 1576 3243 desitos,
1623 3168 1705 3227 ita
1750 3186 1905 3227 unus
1940 3168 2097 3226 viam
2128 3167 2347 3243 reperit

509 3256 852 3317 eruditionis
897 3258 1162 3334 gentium
1205 3258 1613 3333 ostentandae3
1662 3275 1796 3317 nam
1837 3264 1965 3316 tum
1994 3256 2344 3315 confutando

511 3352 570 3405 et
623 3346 938 3406 refellendo
1005 3353 1135 3407 tum
1190 3346 1616 3422 redarguendO,
1676 3347 1738 3404 id
1797 3346 1954 3423 quod
2012 3346 2073 3403 in
2138 3345 2345 3421 primis

514 3436 907 3495 Christianum
966 3436 1262 3495 hominem
1321 3454 1403 3494 ex
1460 3436 1609 3510 legis
1668 3440 1977 3511 praecepto
2038 3434 2231 3493 facere
2287 3439 2346 3491 et

513 3525 681 3584 decet
722 3530 783 3583 et
825 3526 1080 3602 expedit,
1133 3542 1271 3585 cum
1325 3525 1651 3583 fabulosam
1704 3530 1833 3581 tum
1886 3522 2345 3599 philosophicam

516 3615 775 3673 omnium
803 3616 1096 3690 gentium,
1130 3621 1196 3673 ut
1227 3615 1312 3672 sic
1341 3613 1549 3687 dicam,
1598 3611 2165 3687 ἐγκυκλοπαιόείαν
2188 3628 2346 3669 com-
