2796 4185
492 406 573 464 80

1016 439 1022 445 ·
1102 425 1428 480 GYRALDVS,
1473 425 1548 464 DE
1591 426 1805 467 POE'HS.

581 601 981 661 Thebaldeum
1008 602 1410 661 testimonimn
1436 602 1800 679 perhibuisti.
1874 603 2098 664 Poterit
2122 610 2182 662 et
2207 604 2414 664 merito

581 687 817 766 quidem
878 691 1145 768 quisquis
1201 691 1414 750 viderit
1471 691 1664 750 Iacobi
1719 692 1960 751 Novarii
2026 693 2416 752 adulescentis

583 779 909 838 niolliculos
920 780 1244 839 versiculos
1258 781 1461 854 multa,
1479 789 1543 839 ut
1557 781 1687 858 ipse
1704 787 1810 855 est,
1825 783 2118 857 praeditos
2131 783 2417 841 modestia

580 868 641 926 in
667 869 823 928 hunc
856 869 1231 928 scribentium
1256 887 1468 928 versus
1487 870 1750 928 ordinem
1769 889 2070 946 reponere.
2107 871 2186 929 Et
2215 889 2417 947 quam-

520 971 544 1009 5
587 969 668 1022 [91]
733 976 909 1033 quam
934 959 1153 1017 ascitus
1178 953 1185 1041 Ι
1208 959 1270 1017 in
1298 977 1540 1018 numero
1569 959 1890 1018 scribarum
1910 960 2190 1036 principis
2217 960 2417 1033 nostri,

496 1415 547 1456 10

582 1047 682 1122 qui
730 1053 868 1106 sunt
920 1049 993 1106 ab
1052 1047 1345 1123 epistulis,
1402 1047 1464 1104 in
1517 1048 1718 1124 iisque·
1763 1049 2000 1107 assidue
2045 1055 2108 1108 et
2150 1054 2418 1108 accurate

585 1142 881 1208 versetur,
940 1142 1143 1212 utpote
1204 1135 1305 1212 qui
1349 1137 1458 1194 sub
1503 1137 1792 1196 avunculo
1835 1137 1990 1196 inter
2033 1137 2340 1214 primarios
2385 1156 2420 1195 a

585 1225 827 1284 secretis
855 1225 1295 1284 Bartholomaeo
1331 1224 1638 1302 Prospero,
1675 1226 1801 1284 viro
1829 1226 2212 1300 ornatissimO,
2243 1226 2418 1286 istam

582 1314 817 1372 cottidie
859 1314 1135 1372 incudem
1179 1315 1412 1386 tundat,
1457 1333 1873 1391 nonnunquam
1916 1321 2116 1374 tamen
2146 1315 2416 1374 versibus

583 1403 757 1472 ludit,
814 1405 876 1462 in
932 1405 1145 1480 quibus
1190 1409 1250 1462 et
1292 1403 1584 1478 elegantia
1631 1411 1692 1462 et
1736 1404 2020 1462 modestia
2065 1404 2284 1478 elucet,
2343 1404 2419 1462 de

585 1510 699 1568 quo
744 1493 877 1552 ideo
922 1492 1136 1552 melius
1181 1493 1243 1550 in
1290 1493 1416 1550 dies
1463 1493 1821 1568 sperandum
1876 1511 2010 1552 esse
2065 1493 2126 1550 in
2173 1497 2420 1568 utraque

584 1581 861 1640 facultate
920 1581 1168 1640 videtur.
1262 1581 1408 1654 Quis
1466 1599 1580 1641 non
1640 1581 1796 1640 inter
1851 1582 2072 1658 primos
2131 1581 2420 1658 epigram-

586 1679 811 1728 matum
858 1677 919 1730 et
963 1671 1282 1746 elegiarum
1336 1676 1542 1746 poetas
1599 1679 1982 1729 connumeret
2035 1670 2421 1730 Benedictum

583 1760 875 1830 Acoltum,
902 1760 1220 1818 Ravennae
1248 1759 1643 1818 cardinalem?
1709 1757 1854 1832 Quis
1883 1778 1952 1820 eo
1979 1759 2256 1834 argutior,
2286 1759 2420 1835 quis

521 1861 547 1902 5
585 1849 819 1923 cultior,
879 1849 1151 1925 politior?
1213 1847 1468 1908 Exstant
1525 1854 1591 1907 et⁴
1643 1849 1922 1923 leguntur
1981 1848 2108 1906 eius
2167 1847 2422 1908 carmina

574 1939 733 1996 mira
805 1939 1191 1997 concinnitate
1271 1937 1610 2014 composita.
1696 1937 1866 1996 Mitto
1939 1955 2096 1996 nunc
2169 1937 2421 1996 solutam

496 2307 549 2349 20

498 2752 551 2793 25

499 3200 552 3240 30

586 2028 927 2100 orationem,
988 2046 1105 2103 qua
1149 2045 1337 2103 paene
1401 2045 1636 2085 omnem
1683 2026 1980 2085 Ciceronis
2027 2019 2264 2103 φράσιν
2327 2031 2422 2084 est

586 2116 925 2189 adsecutuS,
982 2116 1138 2193 quod
1184 2116 1561 2175 manifestant
1605 2116 1732 2175 eius
1779 2116 2062 2193 epistulae
2107 2122 2168 2175 et
2210 2115 2420 2191 libelli3

588 2206 773 2279 mitto,
822 2224 937 2281 qua
983 2205 1389 2264 benevolentia
1436 2223 1672 2281 semper
1712 2206 1914 2264 doctos
1941 2212 2033 2264 est
2058 2209 2421 2281 persecutus,

586 2294 818 2367 Picum,
866 2295 1164 2368 Molciam,
1212 2294 1499 2368 Pierium,
1546 2294 1902 2353 Vbaldinum
1964 2300 2025 2353 et
2068 2299 2128 2352 te
2147 2338 2162 2367 ,
2208 2312 2242 2351 0
2289 2293 2422 2367 Lili,

588 2402 765 2459 quem
827 2402 1061 2460 semper
1117 2383 1518 2441 honestissimi
1577 2384 1841 2459 magistri
1897 2383 2130 2441 nomine
2177 2382 2422 2455 vocavit,

584 2473 751 2531 mitto
771 2479 1000 2549 patrem
1020 2471 1343 2545 Octavium,
1369 2472 1620 2531 Paulum
1639 2472 1984 2545 Manutium,
2003 2470 2421 2544 Robortellum,

586 2562 745 2620 alios,
828 2562 907 2621 Et
964 2562 1105 2621 licet
1148 2562 1209 2620 in
1255 2580 1323 2620 eo
1371 2567 1678 2638 utramque
1723 2562 1998 2637 paginam
2041 2562 2272 2619 fortuna
2319 2578 2422 2619 ex-

588 2650 886 2727 plicuerit,
942 2670 1099 2711 nunc
1144 2650 1289 2709 felix
1334 2656 1530 2709 tamen
1576 2650 1733 2726 apud
1777 2650 2060 2709 Etruscos
2103 2649 2166 2707 in
2213 2648 2423 2707 studiis

588 2741 963 2817 conquiescit.
1030 2740 1194 2799 Vivit
1220 2746 1282 2799 et
1325 2740 1497 2798 floret
1523 2739 1584 2797 in
1613 2739 1824 2798 studiis
1844 2738 2066 2797 Paulus
2098 2738 2423 2811 Sadoletus,

592 2830 1243 2906 Carpentoractensium
1271 2828 1552 2904 pontifex,
1599 2828 1768 2887 cuius
1796 2827 2186 2886 adulescentis
2215 2844 2424 2885 versus

586 2919 705 2994 legi
733 2920 916 2977 multa
934 2919 1164 2978 Venere
1192 2926 1252 2977 et
1272 2918 1490 2977 Gratiis
1519 2934 1882 2993 conspersos,
1925 2917 2037 2975 Hic
2066 2916 2116 2974 si
2135 2916 2424 2992 poeticam

590 3016 648 3067 et
696 3008 1087 3085 eloquentiam
1134 3026 1311 3083 quam
1359 3006 1790 3083 philosophiam
1846 3012 1905 3064 et
1953 3023 2147 3064 sacras
2202 3005 2425 3063 litteras

590 3098 756 3173 sequi
783 3098 1103 3170 maluisset,
1142 3113 1296 3154 unus
1331 3094 1556 3164 fuisset,
1603 3095 1704 3172 qui
1733 3094 2028 3167 cardinali,
2058 3112 2164 3152 suo
2207 3093 2424 3169 gentili,

588 3187 713 3244 ime
758 3205 828 3245 ac
871 3186 1078 3244 merito
1124 3184 1371 3243 conferri
1426 3191 1642 3260 posset.
1709 3184 1932 3242 Vivunt
1976 3188 2035 3242 et
2079 3182 2254 3241 hodie
2310 3182 2425 3241 duo

592 3276 879 3346 Amasaei,
933 3275 1220 3333 Romulus
1266 3278 1325 3331 et
1368 3273 1710 3349 Pompilius,
1771 3279 1936 3348 pater
1981 3277 2041 3330 et
2084 3271 2259 3345 filius,
2316 3270 2425 3329 viri

590 3365 894 3440 utriusque
926 3365 1159 3439 linguae
1187 3362 1546 3439 peritissimi,
1584 3363 1754 3420 ambo
1783 3363 2064 3419 bonarum
2100 3360 2425 3419 litterarum

590 3454 963 3529 professoreS,
1004 3470 1218 3529 genere
1256 3451 1497 3527 quidem
1523 3451 1965 3523 Foroiulienses,
2005 3449 2106 3525 qui
2142 3448 2427 3512 Bononiae

590 3549 785 3601 tamen
832 3542 1055 3601 diutius
1082 3541 1299 3600 versati
1344 3546 1405 3598 et
1440 3540 1626 3597 functi
1670 3540 1988 3598 honoribus
2025 3538 2427 3596 Bononienses

530 3658 554 3685 ο
592 3632 749 3690 cives
812 3633 1116 3690 habentur.
1207 3630 1379 3687 Pater
1443 3646 1475 3685 e
1533 3627 1755 3687 Graeco
1815 3629 1877 3685 in
1933 3627 2205 3685 Latinum
2255 3626 2430 3684 vertit
