2796 4185
1042 391 1365 446 GYRAans,
1411 391 1487 430 ns
1533 390 1744 431 Pomls.
2264 374 2344 431 41

516 585 657 626 cum
700 567 796 626 his
842 572 1347 626 connumerentur.
1417 567 1724 626 Mittamus
1769 567 1918 626 istos
1961 567 2147 626 Mario
2179 567 2353 644 Equi·-

518 656 665 729 coln,
710 663 779 714 ut
822 656 885 714 in
931 675 1038 714 suo
1079 657 1155 714 de
1184 675 1403 729 amore,
1441 675 1616 732 quem
1645 675 1712 715 se
1741 657 1998 716 scribere
2026 657 2353 733 profitetiu’,

520 745 671 802 libro
716 753 1041 804 enumeret.
1123 746 1321 822 Atque
1364 745 1502 804 ideo
1549 764 1660 820 ego
1703 746 1782 804 ad
1825 746 2084 809 Latinos.

652 832 927 892 Ostendit
970 834 1117 892 mihi
1150 834 1402 894 Ioannes
1431 834 1654 892 Mutius
1681 834 1956 907 Arellius,
2000 835 2354 893 adulescens

456 935 483 976 5
518 922 889 995 Mantuanus,
947 923 1266 997 hymnum,
1326 941 1508 1000 quem
1551 942 1662 1000 per
1708 924 1815 981 hos
1859 923 1990 982 dies
2035 924 2097 980 in
2149 923 2353 981 divum

518 1011 796 1070 Ioannem
841 1012 1167 1087 Baptistam
1212 1012 1453 1086 cecinit,
1509 1020 1572 1071 et
1617 1031 1756 1071 suas
1801 1013 2086 1088 quasdam
2131 1012 2355 1087 elegias

520 1107 583 1158 et
644 1101 1067 1177 epigrammata
1126 1107 1189 1160 et
1250 1119 1428 1178 quem
1491 1102 1666 1160 habet
1719 1102 1782 1159 in
1837 1120 2016 1160 manu
2069 1101 2352 1175 Mutilum

522 1207 673 1264 quae
717 1190 795 1248 de
838 1189 943 1248 illo
987 1189 1313 1250 mirabilem
1370 1191 1531 1266 apud
1575 1190 1780 1250 doctos
1827 1209 1998 1266 spem
2043 1190 2353 1248 concitant.

517 1277 675 1336 Huic
700 1278 825 1336 Leo
852 1278 1121 1354 pontifex
1148 1279 1349 1355 oppidi
1384 1279 1652 1354 regimen
1697 1279 2015 1347 concessit;
2065 1279 2172 1338 sed
2217 1298 2354 1336 cum

432 1379 485 1420 10
518 1359 1009 1444 intemperantius
1070 1385 1137 1426 se
1197 1387 1333 1426 cum
1396 1368 1704 1444 oppidanis
1763 1369 1914 1426 forte
1973 1375 2235 1442 gereret,
2281 1368 2356 1426 ab

521 1456 669 1531 ipsis
732 1456 825 1514 his
888 1456 1099 1535 diebus
1162 1457 1395 1516 occisus
1459 1463 1568 1516 est.
1660 1457 1935 1516 Vidimus
1999 1463 2060 1515 et
2117 1456 2356 1515 Antonii

521 1544 761 1604 Thilesii
806 1545 1107 1604 Cosentini
1166 1546 1441 1619 carmina,
1501 1546 1616 1604 etsi
1675 1563 1880 1623 pressa
1935 1545 2039 1604 illa
2096 1544 2353 1621 quidem,

521 1633 751 1692 erudita
812 1641 1007 1692 tamen
1068 1653 1184 1693 nec
1246 1634 1375 1693 sine
1440 1635 1604 1693 cultu
1617 1680 1630 1706 ,
1689 1635 2035 1693 duriuscula
2087 1641 2250 1692 certe
2296 1641 2358 1692 et

520 1722 825 1782 laboriosa.
859 1763 866 1769 -
891 1723 1107 1782 Contra
1148 1724 1498 1798 Hieronymi
1524 1723 1805 1782 Nucaroli
1852 1723 2068 1799 equitis
2097 1723 2356 1781 Vicetini

432 1824 484 1864 15
518 1811 657 1870 laxa
699 1818 761 1870 et
800 1811 1027 1870 lubrica
1070 1814 1452 1889 numerisque
1497 1812 1835 1870 fluentibus,
1925 1812 2040 1870 Hic
2087 1811 2356 1869 Caesaris

521 1898 855 1960 Germanici
898 1907 1097 1976 partes
1142 1909 1412 1974 secutuS,
1443 1901 1744 1960 Venetum
1787 1901 1994 1976 iugum
2051 1906 2358 1958 aversatus

522 1989 759 2052 exsulat
773 2033 787 2062 ,
834 1995 1033 2048 cetera
1077 1990 1167 2048 vir
1212 1992 1400 2049 bonus
1445 1997 1508 2049 et
1553 1990 1752 2049 comis,
1817 1989 2038 2048 Paulus
2081 1989 2358 2048 Cerratus

520 2097 599 2137 ex
642 2078 797 2138 Alba
840 2079 1123 2159 Pompeia
1166 2099 1282 2140 non
1326 2079 1602 2155 ignobilis
1647 2085 1742 2139 est
1783 2099 1922 2139 cum
1967 2097 2188 2155 genere
2229 2085 2357 2137 tum

522 2168 799 2227 carminis
854 2176 917 2227 et
972 2171 1177 2245 legum
1231 2170 1460 2246 peritia.
1549 2168 1720 2242 Quod
1779 2169 1989 2241 sciam,
2047 2168 2243 2227 adhuc
2296 2168 2358 2226 in

430 2268 485 2309 20
520 2275 732 2315 manus
776 2258 955 2317 habet
990 2260 1066 2318 de
1104 2258 1442 2333 virginitate
1484 2264 1608 2317 tres
1635 2258 1868 2317 libellos
1898 2276 2078 2317 versu
2105 2257 2358 2329 hemico,

520 2345 585 2403 in
605 2346 821 2421 quibus
866 2347 1017 2407 mira
1060 2347 1311 2407 facilitas
1358 2354 1420 2406 et
1465 2365 1676 2406 sonora
1721 2347 2000 2405 carminis
2045 2352 2357 2418 structura,

524 2440 587 2492 et
630 2435 683 2493 si
728 2453 845 2493 non
890 2437 1098 2495 eadem
1145 2454 1383 2512 semper
1427 2454 1804 2494 numerorum
1851 2436 2175 2511 aequalitas
2190 2479 2204 2507 ,
2251 2435 2359 2493 sed

522 2542 630 2599 pro
674 2542 741 2581 re
786 2524 1087 2583 interdum
1132 2526 1353 2583 variata
1398 2531 1562 2583 esset
1576 2568 1590 2597 ,
1634 2525 1836 2585 nescio
1883 2525 1980 2582 cui
2025 2530 2356 2582 nostrorum

522 2620 853 2687 temporum
900 2622 1111 2689 poetae
1144 2615 1377 2673 cedere.
1388 2620 1609 2689 posset.
1669 2614 1828 2672 Huic
1853 2613 2099 2689 quidem
2125 2608 2378 2689 plaeter'

433 2714 487 2754 25
522 2701 917 2759 eruditionem
963 2710 1024 2761 et
1069 2703 1347 2761 canninis
1402 2702 1746 2762 facilitatem
1805 2721 2036 2761 morum
2089 2721 2160 2761 ac
2205 2701 2359 2759 vitae

522 2789 833 2865 integritas
896 2810 1015 2849 non
1084 2810 1291 2867 parum
1366 2792 1694 2850 ornamenti
1755 2792 1964 2851 adfert.
2075 2790 2360 2849 Camillus

524 2878 759 2937 Portius
836 2880 1137 2939 Romanus
1225 2880 1468 2955 grandis
1543 2880 1784 2957 quidem
1858 2886 1920 2939 et
1993 2878 2360 2954 magnificus,

524 2968 787 3043 pedestri
844 2975 1041 3027 tamen
1102 2969 1348 3028 orationi
1407 2975 1469 3027 et
1527 2970 1896 3027 contionibus
1949 2969 2140 3043 magis
2183 2974 2360 3044 aptus

522 3075 701 3132 quam
747 3058 1034 3116 versibus.
1126 3058 1568 3133 Evangelistam
1628 3077 1768 3119 vero
1824 3058 2239 3133 Magdalenum
2299 3063 2362 3115 et

434 3158 489 3199 30
526 3146 724 3221 ipsum
758 3146 1089 3205 Romanum
1127 3147 1317 3206 Musis
1362 3147 1554 3222 magis
1598 3148 1876 3206 idoneum
1922 3166 2098 3223 quam
2146 3145 2360 3204 Camil·

522 3234 649 3292 lum
694 3234 884 3307 video,
931 3235 993 3293 ni
1038 3236 1207 3294 illum
1252 3236 1452 3312 potius
1495 3255 1650 3295 uxor
1705 3236 1912 3295 liberis
1970 3254 2147 3311 quam
2191 3234 2361 3293 libris

434 3334 529 3388 [49]
575 3341 817 3398 operam
844 3323 1002 3409 ¹dare
1044 3322 1051 3404 Ι
1092 3325 1351 3400 iuberet3
1409 3325 1691 3384 maiorem
1749 3326 1848 3383 hic
1891 3324 2038 3383 mihi
2085 3324 2361 3400 spirit1m1

525 3431 703 3488 quam
749 3412 1098 3473 elocutionis
1144 3414 1408 3473 studimn
1467 3414 1686 3473 habere
1745 3414 2012 3471 videtur:
2058 3432 2092 3470 a
2137 3411 2362 3470 teneris

522 3501 722 3576 ipsum
767 3501 1042 3560 valetudo
1088 3508 1149 3561 et
1192 3503 1431 3577 negotia
1475 3502 1802 3562 domestica
1855 3521 1926 3560 ea
1985 3519 2136 3577 quae
2189 3506 2360 3576 potu-

432 3602 488 3646 35
524 3590 673 3649 isset
715 3598 1019 3667 praestare
1055 3609 1172 3650 non
1204 3590 1485 3649 siverunt.
1547 3590 1660 3649 Est
1696 3596 1758 3649 et
1793 3589 2030 3649 Blosius
2061 3589 2361 3648 Palladius
