2796 4185
1041 388 1368 444 GYRALDVS,
1413 389 1489 428 m:
1532 387 1746 428 Porus.
2268 371 2349 428 23

517 565 643 639 fuit,
689 564 1032 625 Franciscus
1058 565 1406 642 Philelphus
1452 565 1852 641 praestitisset,
1892 565 1939 623 si
1984 565 2047 622 in
2094 583 2208 623 uno
2252 570 2354 623 aut
2409 602 2416 649 Ι

517 655 698 712 altero
763 654 1049 714 scribendi
1112 672 1326 730 genere
1385 659 1677 713 maturare
1732 673 1907 729 quam
1964 654 2070 713 sibi
2126 659 2353 712 tantum

433 755 524 808 [28]
585 744 863 819 adrogare
890 743 1209 803 maluisset.
1275 743 1504 802 Videtis
1536 738 1542 826 Ι
1575 744 1636 800 in
1682 761 1750 802 eo
1779 743 2054 802 oratorios
2082 742 2353 818 impetus,

525 833 815 908 poeticum
843 833 1115 905 furorem,
1161 832 1385 891 variam
1420 838 1482 891 et
1508 833 1799 909 copiosam
1828 839 1954 890 tum
1984 831 2352 904 Graecarum,

393 977 398 980 .
457 935 484 973 ··›
524 928 651 979 tum
679 921 1018 980 Latinarum
1045 939 1241 980 mrum
1287 921 1695 996 cognitionem,
1724 939 1800 980 ex
1847 921 2058 996 quibus
2087 920 2354 979 omnibus

519 1015 579 1068 et
637 1009 806 1068 illum
872 1010 1166 1069 interdum
1225 1010 1285 1068 in
1345 1011 1642 1069 academia
1701 1016 1761 1069 et
1823 1011 1992 1085 lyceo
2060 1019 2353 1068 versatum

520 1099 752 1158 tametsi
798 1117 913 1157 non
957 1099 1131 1158 altius
1176 1099 1388 1175 pedem
1435 1099 1638 1158 fixisse
1684 1099 2049 1174 configimus,
2124 1097 2353 1172 Dignus

520 1194 714 1246 tamen
775 1188 887 1245 fuit
957 1187 1143 1246 multa
1215 1188 1403 1246 laude.
1522 1188 1772 1264 Scripsit
1852 1188 1951 1246 ille
2016 1187 2357 1263 Sphorciata

519 1276 746 1334 heroico
805 1277 1061 1335 carmine
1079 1321 1093 1350 ,
1141 1277 1350 1336 satiras
1366 1320 1380 1349 ,
1445 1277 1679 1350 lyricos,
1726 1277 2170 1353 epigrammata3
2217 1293 2353 1333 nam

431 1378 481 1417 10
519 1365 772 1440 reliqua,
839 1384 986 1441 quae
1047 1366 1236 1424 soluta
1282 1366 1537 1424 oratione
1592 1366 1685 1424 vel
1733 1365 1966 1442 scripsit
2008 1365 2135 1441 ipse
2181 1364 2274 1423 vel
2318 1383 2355 1422 a

523 1451 760 1512 Graecis
788 1454 1102 1527 transtulit,
1147 1455 1290 1513 adeo
1317 1455 1502 1512 multa
1533 1460 1685 1527 sunt,
1733 1460 1799 1513 ut
1826 1473 1941 1513 non
1968 1473 2036 1513 ea
2063 1455 2352 1529 legentem

521 1543 710 1616 m0d0,
758 1543 862 1602 sed
907 1550 1418 1602 connumerantem
1464 1544 1685 1603 lassare
1729 1543 1971 1620 possint.
2063 1542 2353 1618 Philelphi

520 1631 623 1689 filii
643 1633 807 1690 fuere
820 1632 1040 1690 Marius
1057 1638 1118 1690 et
1133 1632 1327 1706 Cyrus
1351 1650 1429 1690 ex
1448 1633 1848 1707 Chrysolorae,
1879 1631 2085 1691 Graeci
2104 1631 2355 1690 hominis

525 1720 861 1794 doctissimi,
891 1721 1024 1780 filia.
1055 1721 1314 1794 Quorum
1342 1721 1564 1780 Marius
1591 1721 1957 1798 paratissimo
1984 1720 2097 1779 fuit
2122 1720 2353 1795 ingenio

435 1823 482 1862 ¹5
521 1815 581 1868 et
617 1811 893 1868 memoria
921 1810 1171 1887 quadem
1215 1810 1566 1885 incredibili3
1614 1829 1765 1884 nam,
1786 1817 1791 1824 '
1814 1815 1879 1868 ut
1922 1810 2049 1885 ipse
2094 1827 2169 1868 ex
2200 1809 2354 1884 Cyro

517 1900 693 1957 tratre
746 1899 970 1970 audivi,
1032 1917 1147 1958 uno
1211 1917 1396 1974 paene
1454 1905 1615 1957 stans
1662 1899 1906 1974 vestigio
1961 1903 2196 1957 centum
2250 1917 2356 1974 per

521 1987 780 2046 ordinem
853 1988 1153 2046 materiam
1217 1988 1673 2064 proponentibus
1745 1988 2051 2047 confestim
2124 1987 2352 2063 cuique,

524 2099 537 2133 (
541 2096 639 2153 1¹10
684 2077 980 2154 proposita
1005 2078 1196 2136 fuerat
1240 2076 1457 2152 ordine,
1502 2077 1759 2137 carmine
1786 2078 2083 2137 referebat.
2156 2075 2354 2152 Longe

517 2176 711 2225 tamen
752 2167 847 2225 hic
890 2167 950 2223 in
979 2166 1206 2225 coronis
1251 2167 1573 2243 promptior
1602 2186 1778 2244 quam
1824 2167 2057 2243 scriptis
2086 2166 2355 2242 cognitus

429 2268 484 2307 20
521 2264 626 2313 est.
701 2256 987 2314 Pacificus
1016 2255 1350 2314 Asculanus
1396 2256 1683 2332 potuisset
1726 2257 1786 2314 in
1831 2257 2024 2333 aliquo
2052 2262 2354 2331 poetarum

519 2361 760 2423 numero
787 2344 1001 2417 haberi,
1039 2344 1152 2403 nisi
1196 2344 1382 2403 foedis
1410 2346 1703 2403 amoribus
1730 2364 1939 2403 versus
1965 2344 2353 2420 inquinasset3

519 2433 628 2491 fuit
648 2506 652 2511 .
674 2433 734 2490 in
781 2433 968 2508 elegia
1013 2450 1203 2509 neque
1231 2434 1421 2492 infans
1467 2452 1655 2510 neque
1699 2434 1969 2510 elinguis
2062 2434 2187 2491 Hac
2232 2434 2355 2491 iere

517 2528 703 2580 aetate
776 2522 1060 2580 Martinus
1132 2522 1457 2581 Phileticus
1529 2523 1591 2581 in
1664 2523 2040 2581 mediocrium
2114 2540 2355 2580 numero

519 2611 662 2684 fuit,
747 2611 848 2687 qui
921 2611 1142 2687 aliquot
1216 2612 1508 2670 Theocriti
1590 2612 1793 2686 idyllia
1865 2613 1939 2670 ad
2012 2610 2355 2669 Federicum

431 2712 484 2752 εἴ»
523 2699 868 2758 Vrbinatum
898 2700 1108 2759 ducem
1139 2701 1439 2759 transtulit
1464 2719 1498 2759 e
1530 2699 1767 2760 Graeco,
1832 2701 1966 2759 Fuit
1992 2707 2052 2759 et
2077 2699 2135 2759 N
2136 2700 2355 2758 icolaus

523 2788 819 2847 Vallensis
836 2834 849 2861 ,
911 2790 1013 2865 qui
1057 2789 1301 2847 Hesiodi
1348 2788 1633 2865 Georgica
1679 2789 1885 2848 Latina
1930 2791 2081 2848 facta
2125 2788 2230 2847 Pio
2274 2790 2353 2847 H.

518 2878 774 2953 pontifici
821 2878 1074 2937 maximo
1103 2879 1341 2954 dicavit,
1390 2878 1487 2937 hic
1534 2897 1639 2938 sua
1676 2897 1791 2937 non
1839 2879 1981 2937 satis
2008 2878 2353 2951 emendavit,

521 2966 570 3024 si
629 2966 868 3042 quidem
928 2973 1186 3042 egestate
1251 2974 1343 3026 est
1402 2973 1588 3027 morte
1647 2973 2012 3044 praeventus
2104 2968 2236 3026 Fuit
2296 2973 2357 3025 et

519 3056 780 3113 Boninus
826 3056 1192 3114 Membritius
1237 3056 1707 3130 Mediolanensis,
1754 3058 1856 3134 qui
1900 3057 2140 3116 Hesiodi
2170 3056 2355 3115 Theo·

431 3157 485 3196 30
522 3145 755 3218 goniam
783 3144 858 3202 ad
886 3144 1156 3203 Borsium
1183 3145 1493 3204 Estensem
1523 3146 1586 3220 I.,
1629 3146 2082 3205 Ferrariensium
2128 3146 2355 3220 ducem,

521 3232 788 3291 Latinam
831 3233 985 3292 fecit.
1058 3234 1174 3292 Per
1218 3236 1362 3293 haec
1391 3222 1623 3311 quodue
1668 3242 1929 3311 tempora
1956 3235 2068 3293 fuit
2093 3235 2357 3310 Raphael

517 3322 958 3395 Iuvencionius,
1005 3323 1174 3381 cuius
1220 3324 1405 3397 lyrica
1451 3324 1736 3400 quaedam
1782 3324 2036 3382 carmina
2080 3324 2358 3397 leguntur

432 3420 524 3475 [29]
585 3430 716 3469 cum
765 3413 860 3488 pia
888 3418 1015 3470 tum
1059 3412 1237 3470 etiam
1265 3430 1473 3471 sonora
1499 3420 1558 3471 et
1605 3413 1745 3471 satis
1779 3407 1982 3495 lculta,
2027 3412 2180 3470 inter
2208 3430 2357 3487 quae

521 3509 657 3558 sunt
701 3501 976 3576 pleraque
1023 3500 1314 3576 sapphica.
1408 3501 1523 3560 Sed
1583 3501 1707 3574 illa,
1755 3502 1967 3577 quibus
2013 3500 2356 3559 Federicum
2412 3552 2415 3555 ,

427 3600 484 3641 35
522 3589 826 3647 Caesarem
885 3589 945 3647 in
1002 3590 1222 3649 Tui-cas
1283 3591 1649 3663 adhortatur,
1712 3590 1852 3648 mihi
1914 3591 2101 3664 magis
2160 3589 2356 3647 nescio
