2796 4185
419 387 504 447 94
1032 403 1357 460 GYRAans,
1403 405 1477 444 DE
1523 403 1734 445 rolens.

440 951 470 992 5

418 1394 471 1434 10

412 2282 471 2324 20

504 585 713 642 terea?
782 581 936 642 Sunt
994 583 1153 641 enim
1213 588 1275 640 et
1332 583 1538 658 plures
1597 582 1702 658 qui
1754 581 1816 639 in
1872 583 1983 640 hoc
2035 586 2340 658 poetarum

508 677 680 730 coetu
736 671 900 748 digni
956 677 1121 731 suntv
1158 676 1226 729 ut
1271 676 1791 742 connumerentur,
1847 671 2003 729 inter
2047 688 2196 748 quos
2240 669 2340 728 isti

505 760 747 828 Laelius
813 766 874 819 et
936 761 1296 836 Hippolytus
1372 759 1645 836 Capilupi
1726 761 1940 818 fratres
2022 759 2340 831 Mantuani,

508 867 759 925 quorum
814 867 952 908 cum
1005 848 1217 908 Latina
1272 854 1403 908 tum
1455 849 1708 908 Etrusca
1761 848 1964 906 multis
2018 848 2341 907 luminibus

507 937 729 1013 ingenii
802 939 931 1011 lita,
1010 938 1119 997 sed
1191 956 1307 996 non
1370 943 1565 996 cestro
1629 956 1699 996 ac
1763 937 1898 996 stilo
1958 937 2209 1012 Vergilii
2271 955 2341 996 ac

506 1027 819 1085 Petrarcae
878 1026 1059 1102 polita
1116 1027 1422 1102 leguntur,
1487 1045 1639 1104 quae
1698 1027 1833 1084 illos
1889 1043 2010 1084 non
2067 1025 2340 1101 indignos

508 1116 928 1190 demonstrant,
956 1121 1024 1174 ut
1054 1115 1210 1174 inter
1233 1121 1438 1192 poetas
1466 1121 1699 1174 nostrae
1727 1115 1936 1174 aetatis
1967 1121 2338 1190 reponantur.

506 1204 642 1262 Fuit
667 1204 951 1263 Ieremias
998 1204 1326 1262 Cusaturus
1366 1205 1738 1277 Mantuanus,
1785 1210 1846 1262 et
1890 1203 2018 1280 ipse
2061 1209 2236 1280 poeta
2282 1212 2342 1263 et

508 1293 904 1366 sacrificulUS,
962 1293 1066 1369 qui
1110 1293 1259 1352 mira
1302 1293 1583 1352 facilitate
1629 1311 1812 1369 prope
1861 1291 2142 1352 Ovidiana
2186 1293 2342 1351 inter

510 1387 708 1440 cetera
756 1399 861 1440 sua
905 1388 1175 1458 poemata
1212 1383 1453 1458 reliquit
1479 1383 1763 1441 fastorum
1789 1382 1988 1455 libros,
2035 1382 2098 1439 in
2125 1381 2340 1458 quibus

508 1476 570 1529 et
613 1471 885 1546 antiquas
917 1471 1185 1546 gentium
1215 1471 1599 1530 caerimonias
1638 1476 1698 1530 et
1733 1477 1964 1529 nostras
1993 1471 2340 1546 complexus

508 1564 616 1617 est.
707 1559 901 1618 Huius
966 1566 1175 1636 poetae
1245 1560 1502 1618 carmina
1565 1560 1850 1630 nondum,
1917 1560 2075 1635 quod
2139 1559 2338 1629 sciam,

508 1652 647 1706 sunt
680 1648 837 1707 edita
878 1654 941 1707 et
967 1650 1039 1708 ab
1069 1649 1199 1708 eius
1228 1649 1499 1725 posteriS,
1535 1653 1604 1706 ut
1639 1648 1830 1722 audie,
1877 1648 2338 1724 supprimuntur.

509 1736 811 1796 Galeatius
872 1755 1105 1814 quoque
1160 1736 1459 1813 Gronzaga,
1521 1737 1624 1813 qui
1677 1742 1745 1795 ut
1799 1737 2066 1796 inlustris
2121 1755 2340 1812 genere

443 1838 469 1879 5
508 1835 625 1892 [106]
684 1826 771 1884 sic
830 1831 891 1885 et
945 1826 1151 1884 carmi-
1192 1823 1199 1906 1
1240 1845 1333 1885 ne.
1406 1828 1497 1884 Ac
1541 1827 1816 1884 Mantuae
1873 1826 2112 1903 quidem
2167 1831 2340 1884 natus

504 1915 606 1973 hic
650 1920 848 1974 tamen
878 1915 1180 1974 Ferrariae
1224 1915 1549 1991 plurimum
1593 1915 1655 1972 in
1683 1915 1818 1973 aula
1843 1919 2113 1973 versatus
2143 1933 2339 1974 comes

506 2004 789 2080 principis
844 2022 1002 2062 nunc
1057 2022 1275 2080 prorex
1320 2005 1610 2062 Mutinam
1653 2005 1956 2079 gubernat.
2035 2003 2342 2078 Leguntur

508 2094 637 2151 eius
698 2094 957 2152 carmina
1014 2094 1224 2167 multa,
1290 2094 1400 2152 sed
1458 2112 1574 2152 non
1639 2092 1812 2152 edita.
1915 2094 2065 2153 Sunt
2123 2099 2183 2151 et
2241 2092 2342 2151 alii

505 2182 831 2256 Mantuani,
899 2200 1150 2258 quorum
1214 2182 1435 2260 scripta
1497 2182 1572 2240 ad
1632 2182 1902 2241 notitiam
1969 2200 2162 2240 meam
2224 2200 2340 2241 non

506 2288 851 2347 pervenere.
927 2270 1065 2329 Fuit
1102 2276 1166 2329 et
1191 2271 1549 2346 Peregrinus
1577 2272 1856 2344 MoratuS,
1899 2270 2339 2347 'grammatich

506 2359 749 2417 criticus
777 2360 1131 2418 Mantuanus
1145 2380 1157 2435 3
1188 2360 1284 2418 hic
1316 2366 1376 2418 et
1394 2360 1634 2419 Latinos
1664 2366 1724 2419 et
1751 2360 2098 2430 vernaculos
2129 2378 2341 2419 versus

506 2448 792 2525 plurimos
840 2466 1191 2524 componere
1240 2449 1447 2508 solitus
1493 2450 1628 2523 fuit,
1685 2468 1935 2525 quorum
1981 2466 2118 2525 pars
2165 2449 2368 2523 edita,

506 2554 645 2612 pars
705 2537 899 2595 adhuc
964 2537 1363 2615 supprimitur.
1456 2538 1756 2597 Ferrariae
1820 2544 2017 2596 tamen
2080 2538 2178 2595 hic
2238 2539 2339 2596 diu

508 2631 601 2683 est
646 2631 945 2701 versatim,
1006 2627 1288 2685 nobilium
1345 2627 1816 2685 adulescentium
1871 2626 2178 2701 magister,
2239 2628 2341 2685 ubi

444 2726 469 2766 5
508 2719 568 2772 et
626 2732 875 2773 uxorem
940 2714 1138 2789 duxit,
1205 2734 1283 2774 ex
1347 2734 1464 2791 qua
1523 2716 1741 2774 liberos
1804 2715 2080 2791 suscepit.
2181 2714 2340 2788 Quos

505 2803 659 2860 inter
733 2808 825 2861 est
904 2802 1178 2881 Olympia
1248 2804 1497 2879 Morata,
1585 2805 1785 2881 puella
1868 2822 2044 2880 supra
2128 2822 2340 2863 sexum

505 2891 841 2968 ingeniosa3
934 2912 1105 2951 nam·
1144 2911 1259 2951 non
1332 2898 1608 2952 contenta
1679 2894 1997 2952 vernaculo
2075 2911 2340 2953 sermone

484 2980 746 3053 ,Latinas
774 2986 834 3039 et
863 2980 1117 3039 Graecas
1162 2982 1388 3040 litteras
1435 2982 1702 3059 apprime
1732 2983 1961 3041 erudita
1989 2982 2340 3041 miraculmn

504 3070 633 3127 fere
680 3070 973 3142 omnibuS,
1032 3070 1133 3145 qui
1180 3088 1309 3128 eam
1354 3071 1626 3144 audiunt,
1685 3089 1817 3129 esse
1862 3071 2110 3130 videtur.
2175 3071 2340 3131 Haec

508 3158 599 3215 his
666 3158 875 3216 diebus
940 3159 1140 3234 nupsit
1204 3158 1539 3217 Grunthero
1615 3160 1752 3218 huic
1815 3164 2039 3233 nostro,
2113 3160 2214 3237 qui
2281 3168 2340 3219 et

506 3264 636 3304 eam
698 3246 761 3303 in
821 3246 1193 3305 Germaniam
1255 3248 1331 3305 ad
1394 3250 1602 3307 urbem
1666 3248 1913 3323 patriam
1976 3249 2338 3325 Herbipolim

505 3337 825 3393 transferre
898 3336 1228 3394 meditatur.
1324 3335 1455 3413 [Est
1532 3342 1592 3395 et
1663 3338 2015 3395 Mantuanus
2087 3338 2338 3415 Ioannes

507 3424 771 3498 Baptista
817 3424 1195 3499 PosseninuS,
1242 3443 1423 3500 quem
1467 3426 1640 3483 audio
1687 3426 1762 3483 de
1809 3426 2028 3484 honore
2075 3426 2336 3484 libellum

508 3529 614 3569 seu
659 3513 847 3570 mavis
894 3512 1191 3587 dialogum
1230 3514 1422 3572 Tusce
1471 3533 1539 3572 ea
1589 3515 1882 3573 felicitate·
1917 3515 2337 3591 composuisse,

444 3613 470 3651 5
506 3605 575 3658 ut
629 3619 801 3658 nemo
855 3602 1090 3659 honoris
1148 3602 1416 3677 cupidior
1469 3603 1638 3660 illum
1691 3603 1752 3659 in
1806 3603 2034 3662 deliciis
2092 3622 2201 3661 non
2263 3604 2340 3661 sit
