2796 4185
436 370 518 429 88
1043 387 1370 443 GYRALDvs,
1417 387 1492 427 m:
1537 387 1750 428 roam.

521 581 671 641 quae
714 582 782 622 eo
828 562 1103 641 cupidius
1147 583 1183 623 a
1227 564 1528 641 plerisque
1572 565 1876 640 leguntur,
1938 582 2054 641 quo
2101 569 2240 623 sunt
2283 565 2354 622 ab

519 653 871 712 inlustribus
898 653 1179 712 matronis
1200 653 1538 730 composita.
1583 653 1776 712 Audio
1793 657 1854 712 et
1874 653 2022 712 alias
2040 669 2354 728 emergere,

522 760 671 819 quae
718 760 824 801 suo
872 747 931 802 et
974 742 1225 802 aliorum
1270 742 1578 819 praeconio
1619 742 1866 819 posthac
1893 741 2381 801 celebrabuntur.-

523 831 849 908 Speronum
869 831 1218 891 Patavinum
1246 849 1364 890 non
1389 831 1545 890 inter
1569 831 1679 890 hos
1699 831 2047 890 vernaculos
2070 831 2354 902 recensui,

458 933 484 974 5
522 931 638 987 [100]
688 921 790 996 qui
824 919 1275 979 Tuscanismum
1303 921 1622 980 consectati
1650 926 1804 994 sunt,
1833 914 1841 1002 1
1865 921 2142 997 quoniam
2167 919 2355 996 philo·

525 1010 746 1085 sophus
808 1009 999 1084 magis
1058 1027 1237 1086 quam
1294 1013 1466 1085 poeta
1528 1009 1732 1068 multis
1793 1009 2044 1068 videtur.
2135 1009 2354 1067 Audivi

521 1103 581 1157 et
644 1098 1021 1157 Franciscum
1093 1097 1510 1174 Bolognetum,
1583 1099 1838 1158 nobilem
1911 1097 2354 1170 Bononiensem,

519 1186 700 1246 libros
747 1187 1034 1264 quosdam
1061 1187 1134 1246 de
1160 1187 1359 1246 Flavio
1389 1187 1704 1247 Constante
1723 1188 1972 1246 Caesare
2001 1187 2353 1261 coniecisse3

521 1293 669 1352 quos
714 1277 873 1350 enim
916 1275 1018 1334 alii
1064 1282 1271 1335 cantus
1315 1277 1594 1352 vulgares
1637 1277 1961 1353 appellant,
2016 1276 2132 1334 iste
2174 1275 2356 1334 libros

432 1376 485 1418 10
520 1371 834 1442 nuncupat.
926 1365 1037 1422 Vir
1088 1370 1181 1423 est
1225 1365 1400 1424 multi
1444 1365 1666 1440 ingenii
1711 1366 2048 1441 multaeque
2090 1363 2355 1424 lectionis

519 1459 579 1512 et
622 1454 685 1511 in
731 1455 907 1512 rebus
945 1453 1189 1528 agendis
1218 1454 1428 1513 dexter
1453 1461 1515 1514 et
1540 1459 1798 1531 paratus
1860 1453 1981 1514 Sed
2008 1453 2126 1512 iam
2155 1451 2357 1512 videor

520 1542 595 1601 de
641 1543 973 1602 vernaculis
1020 1543 1165 1602 satis
1196 1545 1384 1602 multa
1412 1543 1653 1615 dixisse,
1702 1561 1839 1602 cum
1866 1561 2063 1602 eorum
2098 1542 2357 1601 carmina

518 1648 677 1690 1111110
721 1632 941 1709 passim
989 1651 1097 1709 per
1138 1632 1374 1691 urbium
1419 1633 1545 1691 fora
1587 1637 1649 1691 et
1693 1631 1856 1691 vicos
1890 1631 2065 1690 etiam
2092 1651 2128 1689 a
2154 1631 2354 1707 pueris

520 1721 931 1780 concinantur!
952 1721 965 1748 ’
1044 1719 1137 1780 ‘Et
1182 1720 1419 1798 quidem
1465 1721 1658 1794 recte’,
1715 1721 1907 1798 inquit
1951 1719 2354 1792 AntimachuS,

435 1821 485 1862 15
524 1812 599 1868 ‘et
660 1811 906 1886 proinde
979 1809 1161 1869 redde
1225 1809 1394 1868 nobis
1407 1855 1420 1882 ,
1496 1810 1548 1868 si
1610 1827 1760 1886 quos
1832 1810 2039 1884 habeS,
2112 1809 2355 1868 Latinos

517 1898 771 1975 amplius
790 1899 823 1957 !'
898 1899 1047 1957 ‘Non
1092 1897 1352 1972 desunt’,
1409 1899 1602 1977 inquit
1645 1897 1907 1971 Riccius,
1955 1905 1969 1930 ‘
1983 1897 2061 1975 [si
2103 1897 2354 1957 velimus

520 1985 888 2047 Goricianam
933 1989 1202 2047 evolvere
1247 1987 1343 2046 vel
1388 1988 1442 2046 si
1479 2006 1604 2061 ece,
1651 1988 1865 2064 quibus
1905 1987 2126 2046 Paulus
2153 1987 2354 2046 Iovius

520 2095 626 2136 sua
684 2077 874 2153 elogia
932 2082 1053 2137 tam
1113 2078 1373 2136 virorum
1432 2076 1496 2136 in
1555 2076 1883 2154 disciplinis
1938 2096 2115 2154 quam
2173 2076 2236 2135 in
2291 2095 2355 2135 re

517 2166 757 2225 militari
780 2166 1121 2225 inlustrium
1147 2184 1353 2225 ornare
1372 2173 1617 2226 conatus
1645 2172 1751 2240 est,
1783 2183 2354 2238 connumeraremuS,

426 2266 481 2309 20
516 2272 649 2328 non,
677 2255 933 2332 inquam,
953 2254 1191 2333 desunt]
1214 2261 1274 2314 et
1293 2256 1534 2331 quidem
1552 2256 1824 2332 plerique
1854 2256 2049 2314 adhuc
2067 2255 2352 2313 viventes

518 2342 783 2417 Quorum
826 2344 1139 2402 nonnullos
1186 2344 1351 2403 vobis
1396 2346 1678 2418 referam,
1727 2362 1978 2421 quorum
2022 2362 2233 2402 versus
2278 2344 2354 2402 ad

518 2450 713 2491 meam
758 2432 1025 2491 notitiam
1070 2450 1413 2509 pervenere.
1503 2432 1561 2492 N
1560 2452 1657 2492 am
1702 2438 1764 2492 et
1807 2433 1993 2491 multo
2044 2433 2247 2508 plures
2294 2438 2355 2490 et

518 2538 653 2580 esse
715 2527 775 2579 et
832 2520 1019 2579 fuisse
1074 2522 1223 2580 mihi
1266 2540 1620 2598 persuasum
1664 2523 1880 2597 habe03
1939 2522 2136 2579 minus
2194 2521 2355 2580 enim

520 2610 638 2668 huc
666 2610 926 2668 omnium
964 2610 1183 2687 scripta
1212 2612 1607 2687 perferuntur,
1638 2615 1705 2669 111
1730 2612 1799 2670 fit
1825 2610 2061 2683 Romae,
2080 2610 2353 2669 Venetiis

426 2704 480 2752 25
520 2704 581 2757 et
623 2698 895 2758 Lutetiae
942 2699 1319 2759 Parisiorum.
1398 2700 1565 2759 Inter
1623 2701 1732 2758 hos
1785 2700 1971 2775 igitur
2028 2700 2092 2757 111
2145 2698 2352 2775 primis

516 2788 982 2847 commemorabo
1030 2787 1363 2864 Scipionem
1411 2786 1751 2865 Capycium,
1798 2792 2033 2865 poetam
2080 2805 2159 2846 ex
2202 2787 2261 2846 N
2260 2806 2352 2846 ea-

516 2876 774 2953 politano
794 2894 993 2952 regne,
1010 2877 1112 2953 qui
1129 2876 1193 2935 in
1211 2878 1408 2953 aliquo
1428 2882 1734 2954 poetarum
1754 2894 1998 2935 numero
2018 2876 2352 2935 censendus

518 2971 641 3041 est3
690 2966 820 3025 eius
867 2983 977 3041 ego
1023 2971 1147 3024 tres
1174 2966 1357 3025 libros
1406 2966 1663 3025 carmine
1710 2966 1944 3025 heroico
1991 2965 2352 3041 conscriptos

514 3054 638 3130 legi
682 3054 772 3113 De
819 3060 953 3113 vate
984 3054 1242 3113 maximo
1272 3055 1611 3131 inscriptOS,
1658 3074 1807 3132 quos
1834 3055 1917 3114 ita
1949 3072 2198 3113 exorsus
2231 3058 2349 3113 est:

426 3156 481 3197 30
605 3142 932 3219 Egregium
978 3144 1273 3218 iuvenem,
1318 3143 1497 3202 terris
1543 3144 1644 3221 qui
1688 3144 1931 3202 numine
1975 3143 2197 3202 missus

606 3232 821 3291 Divino
867 3232 1093 3291 aeterni
1138 3232 1420 3309 patefecit
1463 3232 1702 3291 luminis
1750 3238 1958 3305 ortum,

606 3320 1033 3397 Surgentisque
1082 3339 1286 3379 canam
1332 3335 1510 3380 verae
1554 3320 1871 3398 primordia
1913 3320 2084 3378 lucis.

513 3410 740 3468 Aonius
794 3409 1124 3483 PaleariuS,
1186 3414 1385 3485 poeta,
1447 3415 1516 3468 ut
1561 3408 1792 3486 opinor,
1839 3408 2204 3482 Verulanus,
2263 3407 2352 3466 vir

514 3516 633 3556 non
675 3498 739 3556 in
784 3498 1017 3575 poetica
1060 3499 1233 3557 modo
1295 3498 1555 3574 eleganti
1607 3498 1845 3573 ingenio
1901 3498 2007 3556 sed
2054 3503 2115 3556 et
2161 3498 2353 3557 soluta

422 3600 477 3641 35
516 3588 801 3661 oratione,
868 3587 970 3663 qui
1032 3604 1190 3646 nunc
1253 3586 1489 3662 publice
1548 3587 1745 3646 Lucae
1803 3587 2110 3663 profitetur
2171 3587 2350 3645 bonas
