2796 4185
449 379 533 438 46
1062 395 1387 451 GYRALDvs,
1432 395 1508 434 m:
1553 395 1766 436 Pon-trs.

449 603 455 607 ·
538 575 739 648 legere
748 573 794 631 ’θ’
862 573 1123 646 Quorum
1182 592 1319 630 cum
1373 572 1561 632 multa
1613 572 1732 630 iam
1775 573 2024 631 recitare
2069 571 2373 646 inciperet,

536 663 877 721 Alexander
920 663 1027 720 ait:
1090 661 1239 720 ‘Non
1285 654 1489 734 vacat’,
1545 661 1764 737 inquit,
1812 661 1922 720 ‘his
1969 662 2146 735 nugis
2191 663 2374 720 bonas

538 753 713 810 horas
740 751 1081 812 conterere)
1130 750 1440 826 Simulque
1470 751 1546 809 ad
1576 769 1672 808 me
1703 768 2024 808 conversus
2055 750 2372 826 ‘Seque1·e,’

536 841 753 916 inquit,
812 844 861 898 ‘o
916 839 1050 913 Lili,
1107 840 1181 898 de
1237 839 1474 915 poetis!‘
1537 839 1702 898 Tunc
1757 857 1895 914 ego:
1953 838 2123 898 ‘Sunt
2169 844 2229 898 et
2271 839 2374 898 alii

476 943 501 981 5
538 929 599 986 in
662 930 859 1005 aliquo
924 935 1233 1005 poetamm
1313 947 1560 986 numero
1643 929 1993 986 Franciscus
2065 929 2375 986 Modestus

538 1018 947 1090 AriminensiS,
1012 1017 1115 1094 qui
1148 1017 1512 1076 Venetiados
1545 1006 1736 1074 'libros
1781 1017 2015 1092 aliaque
2062 1017 2264 1088 edidit,
2312 1024 2376 1075 et

540 1107 1023 1165 Bartholomaeus
1106 1106 1337 1166 Crotus
1381 1105 1725 1182 Regiensis3
1801 1106 1863 1163 in
1934 1106 2119 1164 altero
2181 1106 2376 1164 maius

541 1195 819 1268 studium,
852 1195 913 1252 in
940 1197 1125 1254 altero
1154 1196 1290 1270 plus
1318 1196 1699 1270 argutiarum,
1732 1195 1796 1252 in
1823 1201 2074 1271 utroque
2103 1195 2374 1253 facilitas

540 1285 755 1343 Scribit
800 1290 861 1342 et
906 1289 1175 1360 poemata
1208 1283 1588 1360 Tranquillus
1615 1285 1912 1342 Molossus
1941 1284 2374 1355 Cremonensis„

454 1387 503 1424 10
540 1373 637 1432 0111
698 1374 813 1432 0181
866 1373 1127 1431 nondum
1186 1374 1360 1448 plane
1420 1381 1624 1449 aperta
1679 1379 1772 1431 est
1817 1373 1936 1446 via,
1997 1380 2064 1432 ut
2119 1391 2197 1431 ex
2243 1373 2374 1432 01118

538 1462 811 1520 versibus
842 1462 1089 1536 conlegi,
1123 1463 1300 1537 pleno
1328 1468 1526 1520 tamen
1554 1463 1742 1537 gradu
1769 1463 1844 1520 ad
1873 1463 2034 1520 illam
2055 1463 2373 1532 contendit,

540 1551 602 1608 ni
666 1551 821 1610 inter
885 1551 1145 1609 eundum
1206 1551 1358 1609 forte
1423 1570 1604 1626 rupes
1667 1551 1864 1627 aliqua
1927 1569 2176 1626 scrupea
2235 1569 2375 1610 eum

538 1647 868 1699 remoretur
932 1659 1043 1699 nec
1098 1658 1167 1698 eo
1224 1640 1581 1698 contendere
1631 1639 1806 1712 sinat,
1864 1659 1980 1715 quo
2025 1640 2114 1698 illi
2161 1658 2376 1698 cursus

539 1729 745 1788 fuerat.
838 1729 973 1788 Fuit
1027 1733 1089 1787 et
1142 1747 1253 1804 per
1297 1729 1444 1787 haec
1490 1734 1757 1804 tempora
1810 1729 2062 1788 Ioannes
2106 1729 2370 1804 Baptista

454 1829 541 1882 [54]
603 1817 905 1877 Corbanus
974 1818 1416 1887 Cremonensis,
1482 1819 1652 1876 cuius
1707 1817 1716 1896 ἶ
1769 1825 2040 1892 poemata
2109 1823 2374 1890 exstant,
2441 1879 2446 1884 ,

451 1919 502 1960 15
539 1907 615 1965 (10
680 1907 921 1983 quibus,
986 1907 1129 1982 quid
1193 1907 1468 1980 sentiam,
1516 1925 1633 1964 non
1687 1907 1900 1979 habe0,
1949 1906 2091 1982 quid
2163 1907 2373 1965 dicam.

541 1996 605 2054 Si
662 1997 739 2054 ad
797 2002 1027 2054 vestras
1100 2014 1309 2054 manus
1374 1995 1778 2071 pervenerint,
1849 2013 1956 2053 vos
2021 2014 2198 2071 quam
2261 2014 2372 2070 ego

539 2085 753 2143 melius
784 2084 1119 2143 censebitis,
1179 2084 1476 2143 Antonius
1509 2084 1732 2143 Marius
1754 2084 2138 2143 Visdominus
2169 2085 2373 2160 Ligur,

541 2174 643 2249 qui
708 2175 867 2232 domi
931 2174 1051 2247 tibi,
1117 2174 1477 2247 Alexander,
1543 2180 1604 2232 et
1647 2174 1926 2232 fratiibus
1972 2174 2176 2232 doctor
2237 2181 2375 2232 ante

450 2276 503 2316 20
537 2264 887 2321 Postumum
942 2263 1079 2335 fuit,
1139 2263 1400 2321 carmina
1458 2264 1644 2321 multa
1699 2270 1760 2322 et
1811 2268 1986 2321 antea
2031 2263 2269 2339 scripsit
2314 2270 2376 2321 et

539 2352 601 2409 in
647 2351 776 2410 dies
824 2352 1083 2411 scribere
1147 2370 1262 2410 non
1318 2358 1538 2428 cessat3
1595 2351 1806 2410 humili
1861 2352 1996 2410 stilo
2061 2352 2246 2410 utitur
2313 2358 2376 2410 et

540 2441 890 2516 plerumque
938 2440 1139 2515 serpit.
1208 2441 1379 2499 Idem
1427 2448 1487 2499 et
1515 2442 1933 2500 commentaria
1977 2441 2040 2499 in
2083 2441 2372 2516 tragicum

542 2529 827 2587 Senecam
860 2530 1038 2588 habet
1077 2529 1140 2587 in
1182 2530 1452 2588 manibus
1497 2531 1684 2588 multa
1715 2532 1887 2605 fruge
1919 2531 2152 2589 referta.
2223 2530 2374 2588 Sunt

542 2624 603 2676 et
656 2618 955 2677 Ferrariae
1013 2618 1070 2678 N
1072 2619 1294 2677 icolaus
1349 2619 1712 2692 Paniciatus,
1774 2620 1944 2677 cuius
2003 2620 2177 2695 paulo
2236 2624 2374 2677 ante

450 2720 503 2761 25
540 2707 943 2781 11101111111111118,
1018 2715 1079 2767 01
1140 2708 1356 2768 Petrus
1421 2708 1708 2766 Antonius
1773 2714 1941 2783 pater
2003 2713 2065 2766 et
2127 2708 2375 2766 Iacobus

540 2796 699 2854 filius
732 2797 946 2855 Actioli
986 2798 1245 2873 alibique
1277 2803 1401 2856 tota
1440 2797 1611 2855 Italia
1643 2798 1863 2873 plureS,
1897 2798 2080 2871 probe
2108 2802 2374 2855 vestriun

540 2885 778 2961 utrique
824 2886 963 2945 noti.
1024 2886 1252 2945 Verum
1282 2905 1357 2945 ne
1405 2905 1502 2944 me
1532 2886 1906 2944 ambitiosum
1937 2886 2177 2961 putetiS,
2216 2886 2373 2961 quod

540 2974 715 3032 nimis
780 2976 999 3033 multos
1058 2976 1447 3051 conlegerim,
1511 2994 1647 3033 nam
1707 2980 1768 3033 et
1825 2974 1925 3033 alii
1989 2981 2127 3033 sunt
2184 2992 2374 3050 paene

539 3063 1021 3139 innumerabileS,
1088 3083 1363 3141 quorum,
1428 3071 1496 3122 ut
1559 3063 1710 3136 dixi,
1776 3081 1987 3121 versus
2047 3064 2122 3121 ad
2181 3082 2374 3121 meam

450 3166 503 3205 30
542 3152 809 3211 notitiam
884 3172 1003 3211 non
1075 3153 1508 3229 pervenerlmt)
1602 3152 1768 3211 Tunc
1843 3152 2079 3228 excepit
2149 3152 2371 3210 Iulius:

542 3241 859 3317 ‘Numquid
888 3261 990 3301 eos
1009 3243 1214 3315 mittis,
1243 3243 1345 3319 qui
1364 3241 1550 3299 Leoni
1568 3260 1727 3300 mmo
1754 3242 2066 3313 adsistunt,
2092 3242 2371 3299 Ioannem

541 3330 862 3389 Gazoldmn
920 3337 980 3390 et
1027 3332 1337 3391 Camillum
1384 3331 1688 3403 Quernum
1741 3330 2138 3405 archipoetam
2150 3330 2195 3387 ‘?‘
2263 3330 2374 3387 Cui

542 3439 683 3495 ego:
732 3420 811 3479 ‘Si
858 3421 1197 3479 huiusmodi
1226 3422 1499 3479 lurcones
1537 3420 1738 3478 verius
1767 3438 1944 3495 quam
1971 3424 2175 3494 poetas
2207 3419 2373 3477 vobis

539 3509 860 3583 adferrem,
896 3510 1214 3585 ingratum
1272 3510 1472 3585 potius
1531 3528 1706 3585 quam
1768 3513 2002 3584 gratum
2058 3507 2376 3566 arbitrarer

450 3611 503 3651 35
539 3617 637 3657 me
708 3599 1019 3657 facturum.
1110 3600 1204 3655 An
1276 3598 1519 3656 nescitis
1595 3597 1922 3657 Gazoldum
2001 3597 2235 3673 saepius
2301 3598 2374 3653 ob
