2796 4185
1006 402 1329 454 omumvs,
1373 403 1450 441 m:
1493 402 1708 443 roms.
2225 385 2313 443 49

392 591 485 644 [571
532 580 819 656 plerique.
880 579 997 638 Hic
1036 576 1043 658 Ι
1085 579 1326 655 quidem
1368 580 1622 638 Plethon
1663 585 1730 637 et
1773 579 2086 655 aliquando
2129 579 2315 638 versi-

480 669 595 727 bus
637 668 783 727 lusit
826 668 1022 743 dignis
1078 669 1199 726 illis
1259 668 1500 744 quidem
1559 673 1721 726 tanto
1779 668 2130 744 philosopho
2145 713 2160 741 ,
2207 669 2316 727 sed

486 757 693 833 paucis
735 757 1069 816 admodum.
1136 757 1330 816 Huius
1373 757 1524 815 tanti
1574 757 1686 815 viri
1744 775 1884 815 cum
1925 757 2200 816 historias
2253 757 2316 815 in

486 846 761 905 Latinum
806 863 1139 904 sermonem
1184 865 1263 904 ex
1308 844 1535 905 Graeco
1587 847 1720 922 ipse
1763 851 2198 919 converterem,
2242 845 2316 904 de

420 949 447 988 5
486 953 556 993 eo
611 935 679 994 in
740 935 1098 1010 praefatione
1163 935 1249 993 sic
1310 934 1470 993 dixi:
1529 935 1708 992 Illum
1772 934 1901 993 dico
1965 933 2315 1008 Gemistum,

486 1042 667 1100 quem
692 1042 811 1082 non
838 1024 1033 1082 solum
1062 1022 1325 1096 Graecia,
1372 1024 1481 1082 sed
1507 1023 1826 1082 universus
1867 1025 1996 1082 fere
2025 1030 2316 1082 terrarum

484 1113 641 1172 orbis
686 1113 759 1172 ob
788 1113 1011 1171 variam
1054 1117 1233 1189 atque
1258 1112 1648 1188 multiplicem
1676 1112 2008 1170 divinarum
2038 1113 2318 1170 humana-

486 1219 738 1278 rumque
782 1219 981 1260 rerum
1024 1201 1331 1260 scientim
1370 1201 1698 1260 admiratus
1741 1219 1828 1273 eo,
1870 1201 2026 1277 quod
2070 1201 2316 1274 Platoni,

482 1290 965 1366 philosophorum
1008 1290 1279 1366 principi,
1324 1296 1506 1366 atque
1536 1289 1840 1348 Aristoteli
1871 1289 2232 1348 Graecorum
2259 1295 2320 1348 et

400 1393 453 1432 ιο
488 1379 839 1438 Latinorum
882 1379 1145 1437 omnium
1188 1397 1484 1437 consensu
1528 1379 1798 1454 proxime
1843 1378 2168 1437 accederet.
2243 1378 2322 1437 Et

486 1468 565 1526 de
610 1468 899 1528 Plethone
958 1485 1065 1526 seu
1111 1465 1397 1526 Gemisto.
1433 1467 1593 1526 satis.
1683 1469 1765 1525 At
1821 1485 1960 1526 vero
2013 1467 2318 1540 Emanuel,

489 1575 669 1633 quem
698 1557 937 1632 quidam
963 1556 1161 1632 potius
1188 1556 1526 1614 Manuelem
1555 1557 1882 1614 secundum
1909 1556 2318 1614 Hebraismum

492 1645 767 1718 vocitant,
798 1643 1183 1719 Chrysoloras
1224 1645 1685 1719 cognominatuS,
1717 1645 2040 1718 Byzantius
2069 1645 2319 1718 natione,

490 1735 565 1793 ab
608 1734 963 1810 imperatore
1012 1733 1652 1810 Constantinopolitano
1697 1733 1920 1792 Ioanne
1971 1733 2320 1808 Palaeologo

404 1837 457 1876 ι5
491 1824 727 1899 legatus
784 1822 1005 1882 missus
1064 1822 1141 1880 ad
1203 1822 1502 1898 principes
1561 1821 1860 1898 Europae,
1937 1828 2005 1880 ut
2069 1839 2174 1880 eos
2233 1821 2321 1879 in-

488 1913 817 1970 flammaret
860 1912 937 1970 ad
982 1911 1205 1970 bellum
1250 1911 1694 1987 suscipiendum
1733 1916 1940 1969 contra
1962 1910 2188 1969 Tun-as
2214 1911 2322 1968 tofi

490 2000 768 2062 Graeciae
794 2006 857 2059 et
877 2000 1147 2076 Europae
1172 2000 1474 2058 excidium
1497 1999 1806 2058 minantes.
1871 1998 2001 2072 Qua
2025 1999 2322 2074 legatione

486 2091 727 2149 functus
770 2088 835 2149 in
878 2089 1047 2149 Italia
1092 2089 1353 2150 substitit
1395 2090 1460 2148 in
1505 2108 1753 2166 eamque
1795 2087 2051 2148 Graecas
2095 2087 2323 2148 litteras

488 2180 735 2252 invexit,
780 2185 847 2237 ut
890 2179 965 2237 ab
1010 2197 1081 2237 eo
1124 2179 1446 2242 doctissimi
1474 2178 1744 2255 plerique
1785 2178 1850 2235 in
1896 2196 1966 2237 ea
2011 2178 2322 2237 evaserint.

402 2282 459 2321 ευ
494 2268 785 2327 Versatus
849 2274 943 2326 est
1012 2268 1111 2326 hic
1172 2267 1464 2341 VeneffiS,
1529 2267 1886 2340 Florentiae,
1961 2267 2188 2326 Romae
2263 2273 2324 2325 et

492 2357 711 2429 Ticini,
769 2356 1029 2415 decessit
1088 2356 1151 2415 in
1211 2356 1522 2415 Germania
1577 2356 1976 2429 Constantine,
2042 2374 2180 2414 cum
2243 2354 2323 2414 ibi

492 2445 827 2505 universale
870 2444 1181 2504 concilium
1226 2445 1690 2504 Christianorum
1734 2445 2156 2518 celebraretur,
2219 2444 2325 2503 ibi-

492 2535 747 2611 demque
786 2534 1057 2610 sepultus
1108 2534 1404 2611 epitaphio
1453 2534 1688 2593 condito
1738 2534 1814 2593 ab
1864 2533 1991 2592 eius
2037 2533 2324 2609 discipulo

495 2624 719 2699 Poggio
753 2623 1106 2697 FlorentinO,
1137 2629 1203 2681 ut
1220 2624 1423 2682 fertur.
1468 2622 1725 2681 Exstant
1753 2623 1884 2681 eius
1909 2622 2325 2723 grammaticae

403 2725 459 2765 25
494 2712 893 2771 institutiones
921 2712 1099 2771 utiles
1130 2712 1369 2788 quidem
1401 2717 1464 2770 et
1492 2730 1680 2788 pauca
1711 2711 1862 2787 alia3·
1889 2712 2030 2769 eius
2069 2710 2328 2769 carmina

495 2800 739 2877 quidem
782 2801 945 2859 nulla
986 2819 1087 2859 me
1128 2801 1349 2877 legisse
1392 2801 1654 2874 memini,
1699 2800 1872 2858 sicuti
1900 2818 2014 2858 nec
2040 2799 2327 2859 Demetrii

495 2889 897 2965 Chalcoudyli,
942 2890 1052 2947 viri
1096 2890 1355 2966 profecto
1398 2890 1463 2947 in
1505 2888 1961 2965 interpretandis
1991 2888 2327 2947 auctoribus

494 2978 875 3052 celeberrimi,
918 2977 1089 3037 cuius
1124 2984 1185 3037 et
1215 2978 1630 3054 grammaticae
1653 2978 1800 3036 liber
1826 2982 2038 3050 exstat,
2083 2978 2327 3054 eiusque

494 3068 807 3127 nonnullae
852 3066 1160 3143 epistulae.
1226 3067 1416 3125 Fuere
1459 3072 1519 3125 et
1545 3065 1858 3125 Bessarion
1901 3072 1962 3125 et
1988 3066 2326 3125 Theodorus

404 3170 460 3209 30
498 3155 673 3230 Gaza,
700 3157 813 3214 viri
839 3156 995 3215 inter
1020 3154 1275 3215 Graecos
1316 3156 1834 3231 excellentissimi3
1859 3156 1958 3213 hic
1973 3174 2050 3214 ex
2081 3154 2328 3215 Thessa·

495 3245 701 3319 Ionica,
746 3246 890 3303 urbe
934 3244 1334 3319 Macedoniae,
1380 3246 1520 3303 fuit:
1567 3263 1684 3321 quo
1729 3250 1926 3302 vestra
1971 3245 2146 3317 haec,
2189 3244 2326 3317 Lili,

414 3346 501 3399 [581
548 3334 752 3393 civitas
782 3334 985 3392 Fen-a·
1026 3332 1034 3413 Ι
1073 3334 1197 3393 riae
1223 3334 1460 3409 gloriari
1487 3338 1698 3409 potest,
1733 3332 1892 3409 quod
1919 3333 2240 3391 instaurato
2265 3332 2328 3389 in

500 3441 569 3482 ea
612 3423 941 3483 litterarum
996 3423 1305 3499 gymnasio
1364 3420 1594 3498 primus
1651 3422 1834 3480 studii
1878 3422 2210 3497 praefectus
2269 3426 2330 3479 et

497 3512 839 3586 moderator,
886 3512 988 3588 qui
1015 3511 1193 3586 vulgo
1236 3517 1434 3569 rector
1469 3510 1702 3584 dicitur,
1747 3510 1846 3569 hic
1873 3516 2104 3569 creatus
2133 3509 2326 3582 fuerit,

390 3614 461 3655 35
499 3601 599 3660 ubi
656 3608 717 3660 et
772 3601 1005 3677 publice
1064 3599 1319 3659 Graecas
1372 3599 1600 3658 litteras
1655 3599 1956 3674 professus
2017 3598 2330 3657 nonnullas

514 3720 617 3761 Lat.
646 3718 1076 3762 Litteraturdonkm.
1109 3720 1176 3761 10.
1971 3700 2006 3751 4
