2796 4185
1035 406 1359 460 euunnvs,
1406 406 1481 446 m:
1525 405 1739 452 rostris,
2306 389 2345 451 57.

518 583 790 658 iudicare,
837 603 972 643 eum
1020 584 1060 642 ii
1089 583 1262 659 longe
1295 583 1535 642 meliora
1562 588 1623 642 et
1654 582 1813 642 domi
1842 583 2094 641 habeant
2122 582 2353 642 condita

519 673 625 730 vel,
649 673 842 732 adhuc
880 673 1093 734 iudicio
1123 677 1184 732 et
1212 679 1336 730 arte
1363 671 1657 746 limentur,
1703 679 1769 729 ut
1796 671 1869 730 de
1894 672 2065 730 Aetio
2094 671 2351 746 Syneero

523 760 870 836 audivimUS,
926 760 1022 820 eui
1087 767 1392 838 propterea
1454 761 1786 820 Pontanum
1854 761 2046 819 dieere
2116 760 2353 819 solitum

517 851 850 927 accepimus
904 869 1042 910 eum
1095 850 1320 911 nescire
1373 868 1613 910 manum
1658 867 1693 908 e
1738 849 1936 910 tabula
1978 849 2196 910 tollere.
2261 849 2352 907 Tu

456 952 482 990 5
523 950 663 1000 vero
705 939 1040 1013 meministi,
1087 939 1366 1016 quotiens.
1380 939 1537 1015 apud
1565 945 1625 998 te
1642 938 1891 998 indoluit
1920 956 2016 998 me
2047 944 2351 1014 praesente

431 1396 482 1434 10

431 1839 480 1880 15

425 2285 479 2327 20

423 3173 480 3216 30

517 1028 767 1105 aliisque
811 1029 1120 1104 permultis
1153 1028 1445 1088 Antonius
1466 1033 1686 1086 noster
1730 1026 2097 1088 Thebaideus
2126 1045 2199 1086 ea
2229 1043 2350 1101 sua,

517 1135 667 1193 quae
696 1117 1008 1177 vernacula
1048 1125 1111 1178 et
1155 1116 1386 1192 wlgari
1430 1116 1632 1191 lingua
1676 1115 2021 1176 adulescens
2062 1121 2123 1176 et
2168 1134 2351 1192 paene

518 1216 666 1282 p'uer
719 1206 960 1266 iuvenili
1004 1207 1258 1283 quodam
1313 1206 1505 1266 calore
1546 1206 1810 1268 earmina.
1850 1206 2081 1278 fecerat„
2140 1223 2350 1281 parum

517 1296 802 1370 castigata
865 1295 1020 1356 edita
1081 1295 1266 1356 fuisse
1324 1313 1360 1352 a
1418 1295 1625 1361 intre,
1658 1294 1920 1370 patruele
1983 1294 2161 1354 nimis
2224 1295 2351 1353 eius

521 1384 771 1444 nominis
832 1385 1118 1458 studiose,
1176 1384 1239 1444 id
1297 1383 1455 1460 quod
1514 1383 1693 1445 etiam
1749 1383 1823 1442 de
1880 1382 2172 1459 aliquibus
2228 1383 2352 1442 suis

519 1473 752 1549 seriptis
775 1473 1038 1534 Pontano
1065 1472 1290 1532 aecidit.
1337 1471 1563 1545 Quibus
1592 1472 1666 1531 de
1692 1473 1884 1546 rebus,
1916 1490 2053 1532 eum
2079 1473 2351 1532 ultimum

517 1561 674 1620 hune
731 1562 806 1622 de
865 1563 1052 1638 poetis
1115 1567 1451 1625 nostrorum
1511 1567 1843 1638 temporum
1905 1577 2231 1622 sermonem
2289 1561 2352 1618 in

517 1649 710 1710 luoem
754 1650 817 1708 in
861 1657 1242 1728 apertfflnque
1305 1657 1372 1710 ut
1416 1651 1614 1716 darem
1660 1651 1979 1710 multorum
2033 1650 2351 1710 amicorum

519 1740 842 1800 hortatibus
870 1741 1164 1813 invitarer,
1192 1740 1419 1816 pudore
1434 1740 1651 1816 alioqui
1668 1745 1729 1798 et
1745 1739 2053 1798 timiditate
2078 1739 2349 1813 ingenua,

521 1828 570 1886 si
613 1846 730 1888 non
774 1829 995 1890 rustica
1039 1829 1260 1906 potius,-
1295 1828 1537 1890 diutius·
1558 1829 1621 1888 in
1658 1829 1845 1905 primo
1874 1827 2053 1889 huius
2082 1827 2352 1896 editionis

517 1917 720 1979 limine
765 1918 998 1979 substiti
1041 1919 1360 1979 multorum
1406 1923 1707 1994 praeterea
1744 1916 2065 1978 calumnias
2093 1916 2349 1993 veritus3

307 2064 314 2074 ,
425 2033 428 2038 ·
516 2023 652 2064 nam
716 2013 1126 2084 praeterquam
1183 2007 1454 2068 dictionis
1513 2014 1703 2066 totum
1758 2008 1875 2066 hoe
1931 2023 2119 2081 genus
2174 2024 2351 2083 quam

515 2096 785 2171 plurimis
839 2114 1119 2157 nauseam
1176 2104 1236 2157 et
1295 2098 1663 2160 stomachum
1720 2098 2013 2157 facturum
2064 2095 2349 2170 videbam,

515 2190 646 2245 tum
687 2186 998 2263 plerosque
1043 2186 1219 2249 etiam
1265 2187 1376 2247 hoe
1421 2186 1654 2245 nomine
1698 2187 2137 2258 obtrectaturos
2192 2186 2350 2262 quod

515 2292 626 2349 ego
695 2280 974 2351 tanquam
1037 2276 1415 2337 Aristarchus
1492 2276 1705 2352 aliquis
1769 2275 1865 2335 vel
1927 2274 2350 2351 Aristophanes

515 2370 716 2438 poetas
771 2382 1008 2425 eensere
1061 2370 1122 2426 et
1173 2365 1238 2426 in
1281 2365 1546 2429 ordinem
1605 2382 2032 2441 numerumque
2086 2364 2350 2439 redigere

517 2468 697 2511 ausus
741 2453 942 2513 forem.
1035 2453 1154 2513 Sed
1177 2472 1405 2515 omnes
1448 2455 1557 2513 has
1602 2454 1979 2516 difficultates
2029 2459 2131 2511 tua
2174 2452 2349 2511 unius

515 2541 828 2601 auotoritas
871 2543 1064 2615 evicit,
1112 2562 1262 2619 quae
1305 2544 1464 2620 apud
1492 2562 1589 2603 me
1620 2548 1851 2604 tantum
1882 2542 2081 2615 valuit,
2128 2547 2195 2601 ut
2223 2560 2349 2600 rem

514 2630 667 2688 hane
710 2630 904 2706 ipsam
943 2631 1352 2693 difficillimam
1395 2639 1457 2692 et
1496 2632 1849 2693 invidiosam
1878 2632 2046 2708 quasi
2078 2631 2349 2692 Herculis

453 2730 478 2771 5
517 2729 608 2784 [11]
641 2719 808 2779 clava
835 2726 896 2779 et
921 2720 1092 2797 pelle,
1126 2723 1240 2781 hoe
1265 2728 1358 2781 est
1383 2722 1598 2783 iudicio
1630 2727 1690 2781 et
1715 2721 2027 2798 prudentia
2054 2725 2156 2779 tua
2186 2739 2313 2779 mu·
2338 2713 2344 2803 Ι

515 2808 676 2867 nitus
719 2807 782 2867 in
827 2810 1128 2885 publieurn
1173 2812 1296 2869 sub'
1329 2817 1432 2871 tuo
1466 2811 1700 2870 nomine
1730 2810 1903 2869 edere
1934 2809 2348 2869 constituerim.

515 2896 735 2973 Accipe
805 2898 985 2973 igitur
1045 2904 1108 2961 et
1168 2900 1281 2959 hoc-
1345 2900 1775 2976 qualecumque
1838 2905 1953 2972 est,
2025 2899 2185 2974 quod
2247 2904 2348 2956 tuo

513 2986 804 3063 praesidio
861 2989 1047 3048 fretus
1105 2989 1417 3064 aggredior
1478 2988 1751 3065 quodque
1819 3006 1889 3047 ea
1955 2988 2061 3047 tibi
2128 2987 2348 3048 ratione

515 3074 738 3149 gratius
767 3094 938 3153 spero
955 3078 1238 3151 futurum,
1253 3078 1413 3155 quod
1439 3096 1556 3137 non
1581 3077 1851 3137 vivorum
1879 3082 1939 3135 et
1956 3075 2348 3153 praesentium

517 3164 704 3238 mode,
769 3166 876 3225 sed
933 3167 1110 3227 etiam
1163 3166 1284 3227 vita
1346 3168 1701 3228 functorum.
1744 3165 1850 3228 tibi
1913 3165 2035 3233 noti
2098 3171 2237 3225 sunt
2290 3170 2349 3222 et

513 3253 702 3317 fuere,
743 3256 1020 3330 permulti
1035 3300 1050 3330 ,
1123 3274 1374 3332 quorum
1445 3257 1619 3315 etiam
1682 3255 1883 3315 vivam
1953 3272 2111 3313 nune
2183 3260 2348 3313 tenes

513 3343 870 3409 memoriam.
993 3354 997 3359 ·
1199 3374 1204 3381 ’
1830 3374 1835 3377 -

1227 3550 1547 3569 ——n—-a-o-od—
