2796 4185
990 411 1313 464 smannvs,
1357 411 1434 450 nn
1477 411 1691 452 Pon-ns.
2111 448 2114 454 .
2213 395 2294 456 61

458 605 575 646 non
620 593 817 646 tamen
860 605 1063 646 eorum
1101 605 1309 648 versus
1341 587 1506 648 vobis
1535 605 1772 664 possem
1797 587 2062 656 adierress
2134 587 2302 648 Tunc

457 676 747 738 Didacus:
798 677 893 737 ‘Et
936 675 1037 736 alii
1058 678 1284 753 ,plures
1330 682 1472 736 sunt
1501 683 1561 736 et
1588 678 1759 750 fuere²
1779 677 1842 736 in
1869 683 1990 736 tota
2016 676 2302 754 Hispania

458 765 571 824 viri
634 765 947 843 praeclari,
1011 784 1161 842 quos
1224 765 1558 826 Marinaeus
1622 766 1856 826 Siculus
1917 766 1979 824 in
2039 766 2166 826 suis
2225 766 2302 825 de

462 854 749 932 Hispania
793 854 1050 914 historiis
1096 861 1526 914 commemorat.
1595 855 1673 914 In
1711 855 2014 931 Hispaniis
2058 855 2298 931 quidem

396 957 423 996 5
463 961 569 1002 suo
595 949 655 1002 et
681 950 881 1004 nostro
898 944 1209 1006 vernaculo
1236 961 1504 1004 sermone
1536 944 1742 1020 plures
1767 945 2066 1019 eleganter
2094 961 2302 1003 versus

372 1402 425 1440 10

370 2291 427 2333 20

374 3624 429 3665 35

460 1032 763 1110 scripsere,
790 1033 942 1092 inter
961 1050 1109 1109 quos
1136 1039 1257 1092 tres
1284 1038 1516 1092 tantum
1532 1033 1698 1093 vobis
1723 1034 1999 1092 reseram:
2021 1032 2296 1092 Ioannem

457 1121 695 1180 Menam
736 1126 797 1182 et
842 1119 1161 1221 Georgium
1205 1121 1596 1182 Mandricium
1643 1128 1702 1182 et
1742 1122 2008 1188 Marcum
2033 1121 2298 1180 Ausiam.

462 1208 725 1282 Quorum
782 1210 1031 1286 primus,
1072 1211 1245 1270 Mena
1302 1211 1554 1284 scilicet,
1613 1229 1682 1289 ea
1727 1211 1840 1270 fuit
1885 1210 2188 1270 maiestate
2237 1215 2300 1268 et

459 1299 659 1376 lepore
730 1299 966 1374 linguae
1047 1299 1314 1376 Hispana.
1393 1306 1664 1376 poemata
1739 1299 1978 1376 scripsit
2047 1299 2157 1374 ita,
2229 1304 2298 1356 ut

464 1387 803 1448 Ludovicus
846 1388 1029 1447 Vives
1088 1406 1226 1448 eum
1283 1390 1608 1466 appellaret
1659 1389 1990 1465 Hispanum
2049 1393 2318 1488 poetam,

460 1483 527 1535 ut
570 1477 698 1536 iure
742 1477 805 1536 in
849 1477 977 1536 eius
1020 1477 1301 1536 idiomate
1330 1478 1578 1538 Etrusco
1623 1478 1932 1536 Petrai-cae
1976 1477 2298 1553 comparari

460 1565 679 1642 possit,
726 1566 801 1624 de
846 1585 963 1642 quo
1008 1566 1058 1625 si
1104 1567 1274 1642 plura
1320 1567 1506 1642 cupiS,
1533 1567 1686 1632 vide
1712 1565 2117 1625 Marinaeum
2101 1583 2302 1642 ipsum

460 1655 742 1716 Siculum..
828 1656 993 1714 Alter
1036 1673 1175 1714 vero
1228 1654 1289 1712 id
1336 1661 1428 1714 est
1474 1655 1542 1714 D.
1591 1654 1877 1730 Georgius
1923 1653 2298 1726 Mandricius,

462 1744 633 1804 8111118
706 1750 902 1804 exstat
972 1743 1241 1814 monodia
1303 1744 1364 1803 in
1436 1744 1620 1821 patris
1684 1745 1844 1803 obitu
1907 1744 1980 1802 de
2044 1743 2304 1802 hmnana

398 1845 425 1886 5
463 1832 777 1908 fragilitate
834 1851 953 1892 11811
1010 1833 1183 1892 modo
1244 1833 1666 1892 sententiarum
1729 1832 2014 1908 gravitate
2085 1832 2303 1892 referta.

462 1922 567 1980 sed
630 1922 807 1981 etiam
871 1940 1077 1982 versus
1140 1921 1389 1998 Hispani
1432 1921 1780 1982 dulcedine.
1876 1921 2108 1979 Tertius
2161 1938 2301 1978 vero

460 2011 693 2070 Marcus
736 2011 951 2070 Ausias
994 2011 1295 2087 Hispanus
1350 2029 1429 2069 ex
1461 2010 1734 2070 Valentia
1787 2015 1962 2069 natus
2008 2008 2298 2085 creditur,

461 2101 629 2159 cuius
676 2119 815 2159 cum
858 2106 1127 2177 poemata
1170 2101 1289 2159 iam
1318 2101 1422 2159 diu
1449 2100 1840 2173 delituissent,
1886 2101 1998 2159 hoc
2027 2105 2298 2175 tempore

469 2209 505 2249 a
551 2190 675 2249 viro
719 2190 977 2249 inlustri.
1000 2195 1139 2249 sunt
1183 2190 1339 2249 edita
1379 2195 1441 2248 et
1473 2208 1544 2249 ea
1589 2189 1870 2265 religione
1915 2190 1987 2247 ab
2015 2188 2298 2265 Hispanis

464 2290 555 2344 [71]
598 2279 878 2355 leguntur
893 2323 913 2351 ,
961 2283 1028 2337 ut
1059 2298 1117 2337 ,3
1166 2277 1173 2356 Ι
1224 2279 1583 2338 nostratibus
1638 2276 1933 2337 Francisci
1987 2277 2300 2338 Petrarcae

474 2367 755 2442 rhythmi.
820 2367 1019 2427 Huius
1062 2368 1209 2427 mihi
1255 2367 1484 2443 copiam
1527 2367 1669 2427 fecit
1713 2367 1803 2425 vir
1840 2366 2108 2425 eruditus
2135 2366 2300 2424 bonis

464 2456 679 2515 litteris
748 2461 809 2515 et
867 2455 1306 2515 iureconsultus
1378 2456 1770 2531 peritissimus
1837 2456 2052 2515 Petrus
2112 2454 2301 2513 Turro

469 2545 805 2621 Hispanus)
880 2544 1041 2618 Quae
1089 2563 1227 2604 cum
1256 2545 1509 2604 dixisset
1535 2545 1815 2617 DidacuS,
1859 2544 1994 2619 ιΤ8’,
2041 2544 2301 2620 inquam,

468 2634 707 2693 ‘Didace
720 2678 735 2707 ,
792 2639 1097 2693 convertas
1152 2635 1225 2693 ab
1271 2634 1552 2710 Hispanis
1607 2634 1684 2692 ad
1727 2634 2043 2692 Britannos
2095 2642 2301 2708 poetas

400 2748 427 2776 ο
464 2723 748 2799 nobisque
792 2723 929 2781 illos
972 2723 1211 2797 recites,
1258 2741 1408 2799 quos
1452 2728 1546 2795 tu,
1605 2742 1740 2781 cum
1785 2722 1907 2781 illic
1951 2722 2110 2781 fuisti
2126 2766 2140 2795 ,
2200 2722 2300 2781 vel

463 2812 681 2871 novisti
727 2812 823 2871 vel
865 2812 1181 2871 audivisti)
1276 2812 1391 2871 ‘Sic
1437 2811 1648 2887 agam’,
1693 2811 1886 2887 inquit
1929 2810 2205 2869 DidacuS.

530 2908 533 2911 ’
598 2901 777 2959 ‘Inter
834 2900 1147 2961 Britannos
1208 2901 1389 2976 igitur
1451 2908 1585 2976 post
1645 2900 1880 2959 Gildam
1933 2899 2300 2973 Britannum,

463 2990 631 3049 cuius
693 2995 785 3063 tu,
848 2989 989 3063 Lili,
1049 2989 1411 3049 mentionem
1467 2989 1528 3053 in
1587 2988 1716 3047 aliis
1777 2988 2024 3064 dialogis
2085 2988 2300 3061 fecisti,

466 3077 799 3137 Gulielmus
825 3078 1015 3137 Lilius
1044 3078 1107 3137 in
1135 3078 1343 3155 primis
1373 3078 1552 3138 huius
1584 3077 1802 3139 saeculi
1827 3078 2018 3153 poetis
2045 3096 2300 3136 comme—

464 3174 723 3227 moratus
778 3167 917 3240 fuit,
978 3168 1079 3243 qui
1140 3186 1218 3226 ex
1272 3167 1668 3227 Viatoniensis
1731 3166 2020 3225 dioecesis
2084 3166 2300 3241 oppido

464 3262 639 3315 natus
685 3261 793 3315 est.
868 3256 1019 3315 Mira
1062 3256 1173 3315 fuit
1216 3256 1442 3333 ingenii
1477 3256 1756 3315 facilitate
1794 3256 2048 3314 iuvenis.
2117 3255 2301 3315 Pere-

464 3344 733 3420 grinandi
792 3345 1109 3421 cupiditate
1154 3344 1625 3419 Hierosolymam
1678 3344 1910 3421 pietatis
1969 3362 2110 3419 ergo
2165 3360 2298 3419 pro-

461 3435 653 3493 fectus
674 3438 791 3509 est3
812 3452 954 3493 mox
971 3434 1109 3493 inde
1130 3433 1365 3493 rediens
1383 3433 1576 3493 Rhodi
1593 3433 1954 3510 aliquamdiu
1969 3433 2298 3491 litterarum

466 3541 647 3583 causa.
690 3523 975 3597 substitit,
1032 3522 1129 3581 ubi
1174 3522 1418 3581 Latinae
1465 3528 1526 3581 et
1556 3520 1812 3581 Graecae
1856 3521 2094 3596 linguae
2139 3521 2297 3579 rudi-

464 3617 667 3671 menta.
690 3612 975 3687 percepit.
1045 3611 1295 3670 Romam
1319 3610 1536 3669 deinde
1567 3628 1704 3669 cum
1731 3610 2018 3683 venisset,
2040 3608 2302 3685 Sulpicio
