2796 4185
461 372 539 428 22

483 936 508 975 5

1069 391 1394 446 GYRALDVS,
1439 390 1515 430 DE
1558 390 1770 432 POETIS.

545 566 685 625 viris
729 566 1000 626 litteratis
1045 586 1078 624 a
1115 567 1296 626 Paulo
1341 567 1617 644 pontifice
1644 567 1737 641 11„
1786 568 1942 644 quod
1990 567 2100 627 sibi
2146 567 2383 633 nomina

544 655 942 729 immutarent,
989 656 1259 716 adflictus
1319 657 1559 716 demum
1612 657 1687 716 ad
1732 657 2005 716 barbaros
2049 657 2382 732 transfugit,

543 763 580 802 a
624 746 836 824 quibus
881 745 1194 804 honorifice
1249 751 1561 821 susceptus
1616 746 1717 804 diu
1772 746 2121 822 permansit,
2181 745 2382 821 inique

545 839 739 892 tamen
801 834 1030 892 delatus
1089 834 1248 910 apud
1305 834 1559 892 amicum
1624 835 1847 909 occulte
1910 835 2167 908 delituit,
2223 834 2382 910 apud

546 941 721 998 quem
780 929 838 981 et
900 941 1160 982 maerore
1223 923 1491 982 decessit.
1553 922 1718 996 Quod
1780 943 1917 982 cum
1972 924 2210 982 Alberto
2256 923 2383 998 regi

462 1022 556 1076 [27]
591 1011 956 1086 innotuisset,
1017 1030 1152 1070 eum
1199 1012 1509 1087 magnifico
1570 1013 1838 1088 sepulcro
1898 1031 2065 1072 aereo
2126 1012 2333 1072 Craco-
2372 1005 2381 1094 ι

546 1101 673 1158 viae
727 1101 1003 1159 tumulari
1061 1101 1300 1160 curavit.
1391 1101 1565 1176 Legi,
1612 1101 1765 1178 quod
1813 1102 2107 1175 recordor,
2169 1102 2382 1160 librum

492 1219 498 1226 ·
545 1189 775 1248 heroico
835 1189 1088 1248 carmine
1152 1190 1547 1266 conscriptum
1612 1191 1685 1248 de
1744 1191 1978 1266 regibus
2038 1190 2385 1250 Pannoniae.

461 1381 510 1419 10

461 2270 514 2310 20

547 1277 766 1336 Eadem
812 1279 934 1337 fere
960 1284 1148 1338 aetate
1192 1279 1288 1337 vel
1333 1279 1509 1356 paulo
1540 1286 1673 1338 ante
1718 1279 1778 1338 in
1808 1279 2005 1356 aliquo
2034 1279 2265 1339 habitus
2290 1285 2387 1338 est

546 1373 846 1443 poetarum
866 1386 1107 1426 numero
1119 1368 1370 1427 Ioannes
1383 1368 1718 1427 Pannonius
1734 1368 2384 1444 Quinqueecclesiarum

549 1458 636 1532 (ea
709 1462 800 1514 est
871 1457 1074 1516 civitas
1155 1458 1310 1533 apud
1384 1457 1711 1533 Pannonas)
1793 1449 2071 1535 pontifex.
2190 1457 2385 1515 Huius

547 1545 804 1604 carmina
857 1545 1112 1622 aliquam
1171 1565 1312 1623 prae
1367 1565 1432 1606 se
1489 1547 1685 1604 ferunt
1726 1547 1985 1606 indolem
2028 1545 2387 1606 renascentis

548 1634 834 1709 poeticeS,
895 1653 1043 1711 quae
1105 1641 1240 1694 ante
1284 1636 1421 1709 hos,
1485 1640 1549 1694 ut
1607 1636 1777 1712 plane
1824 1636 2033 1708 nostiS,
2093 1635 2388 1711 permulta

551 1724 781 1782 saecula
853 1742 1036 1799 paene
1107 1724 1400 1783 exstincta
1452 1725 1722 1784 iacuerat.
1812 1725 1957 1783 Plus
2030 1725 2128 1783 hic
2198 1723 2389 1798 elegia

489 1825 512 1864 ·›
549 1811 842 1888 aliquanto
905 1813 1195 1889 praestitit
1274 1832 1450 1889 quam
1533 1814 1793 1886 heroicO,
1865 1814 1923 1871 id
1992 1813 2147 1890 quod
2210 1813 2387 1889 plane

549 1901 801 1960 ostendit
844 1903 1249 1978 panegyricuS,
1297 1921 1472 1979 quem
1517 1902 1577 1960 in
1607 1901 1929 1961 Guarinum
1969 1902 2385 1975 Veronensem,

552 2009 667 2066 quo
723 1991 958 2050 doctore
1017 2009 1162 2050 usus
1223 1993 1439 2065 fuerat,
1500 1991 1696 2050 edidit.
1790 1991 1940 2050 Cum
1984 1992 2077 2050 his
2122 1990 2389 2067 plerique

549 2079 760 2138 eruditi
813 2085 872 2139 et
929 2080 1336 2158 intellegentes
1391 2081 1668 2140 floruere:
1728 2080 2045 2157 Gregorius
2105 2081 2386 2154 Tifernas,

551 2168 792 2227 Carolus
850 2169 1126 2228 Aretinus
1185 2176 1245 2229 et
1307 2171 1653 2229 Franciscus
1711 2171 2064 2246 Philephus,
2136 2188 2385 2246 quorum

551 2257 814 2316 Tifernas
859 2258 972 2317 etsi
1017 2260 1336 2318 medicinae
1385 2278 1619 2335 operam
1664 2260 1949 2336 impendit
1964 2305 1977 2331 ,
2023 2259 2389 2335 politioribus

550 2352 746 2405 tamen
793 2347 1002 2405 studiis
1048 2349 1234 2423 magis
1280 2354 1371 2407 est
1416 2350 1711 2424 cognituS,
1768 2348 1985 2425 quippe
2032 2348 2134 2425 qui
2176 2348 2387 2406 Latine

551 2443 611 2493 et
657 2434 876 2494 Graece
937 2438 1082 2495 bene
1147 2438 1352 2496 doctus
1403 2438 1602 2496 Asiam
1656 2444 1715 2496 et
1775 2438 2032 2496 Africam
2087 2436 2389 2497 Strabonis

551 2524 755 2583 Latine
800 2525 991 2609 vertit.
1081 2526 1335 2585 Exstant
1388 2527 1517 2585 eius
1561 2528 1839 2603 pleraque
1885 2532 2177 2603 poemata,
2238 2544 2387 2602 quae

552 2619 642 2671 est
688 2632 895 2690 operae
941 2614 1193 2690 pretium
1238 2616 1550 2692 aliquando
1596 2616 1893 2689 evolvere,
1942 2621 2193 2691 suntque
2236 2615 2392 2673 inter

490 2716 515 2756 5
551 2720 618 2760 ea
685 2702 964 2779 pleraque
1019 2704 1346 2763 Christiano
1410 2723 1572 2763 more
1631 2704 1970 2781 perscripta.
2076 2705 2241 2763 Vena
2301 2703 2388 2761 illi

553 2791 738 2850 facilis
785 2792 1016 2868 ubique,
1065 2795 1168 2853 sed
1214 2812 1331 2852 non
1376 2795 1549 2870 plane
1576 2794 1901 2870 perspicua.
1977 2792 2219 2853 Carolus
2250 2810 2389 2851 vero

552 2880 860 2954 Aretinus,
924 2882 1211 2941 Leonardi
1265 2883 1491 2942 Aretini
1548 2883 2043 2957 consanguine11S‚
2103 2882 2256 2940 inter
2300 2882 2389 2939 in-

424 3007 463 3019 --
553 2969 894 3045 tellegentes
963 2970 1201 3047 quidem
1270 2972 1597 3048 repositus3
1674 2972 1849 3029 huius
1913 2977 2110 3031 tamen
2180 2988 2391 3029 versus

464 3162 517 3202 30

553 3059 748 3117 nescio
807 3078 922 3135 quo
981 3068 1150 3136 pacto
1205 3062 1346 3119 mihi
1414 3079 1528 3119 non
1573 3060 1942 3137 respondent.
2032 3060 2159 3135 Ego
2204 3060 2393 3118 multa

552 3148 612 3205 in
672 3148 743 3207 iis
803 3149 1018 3207 offendi
1031 3194 1044 3221 ,
1110 3169 1299 3227 neque
1357 3150 1514 3209 enim
1569 3150 1714 3207 mihi
1758 3150 1921 3225 copia
1967 3156 2028 3207 et
2071 3149 2391 3207 multarum

554 3256 750 3295 rerum
811 3238 1060 3313 cognitio
1115 3258 1284 3299 aures
1330 3239 1640 3298 mulcendo
1686 3239 1951 3312 oblectat,
2014 3238 2117 3297 sed
2162 3244 2392 3296 tantum

553 3327 774 3403 implet,
804 3344 914 3385 nec
957 3328 1205 3387 rotunda
1252 3328 1443 3387 solum
1480 3329 1789 3387 verborum
1836 3333 2131 3385 structura
2174 3326 2391 3399 adficit,

556 3416 659 3475 sed
692 3416 994 3493 quaedam,
1041 3436 1190 3493 quae
1235 3436 1312 3476 ex
1357 3417 1431 3475 iis
1478 3417 1747 3475 omnibus
1792 3416 2077 3475 conflatur
2121 3434 2231 3488 nec
2274 3414 2392 3473 dici

555 3525 589 3564 a
647 3524 742 3564 me
819 3506 1130 3581 praecipue
1192 3512 1387 3582 potest
1458 3505 1777 3582 composita
1840 3505 2157 3564 modulatio
2212 3510 2393 3580 atque

493 3608 518 3647 5
556 3594 930 3653 concinnitas,
1021 3594 1222 3671 Longe
1282 3595 1418 3671 plus
1467 3594 1701 3668 CarolO,
1748 3595 1841 3653 cui
1902 3594 2071 3653 valde
2125 3593 2393 3653 infensus
