2796 4185
1050 380 1375 436 GYRALDVS,
1420 381 1496 420 DE
1539 381 1753 434 ponus.
2271 365 2366 422 ’91

474 577 479 582 ·
536 555 755 616 Zanchi
773 556 966 632 ipsius
992 557 1281 633 epistulis.
1328 557 1640 616 Praeterea
1651 557 1974 616 Antonium
1991 558 2370 618 Franciscum

534 645 876 706 Rainerium
950 645 1452 707 Mediolanensem
1469 691 1484 720 ,
1561 646 1926 706 Honoratum
2005 646 2372 721 Tasitelium,

533 735 873 810 Augustum
891 734 1283 813 Cocceianum
1301 735 1692 808 Brixiensem,
1723 734 2055 796 Gabrielem
2075 734 2371 794 Taernum

534 822 1023 898 Cremonensem,
1105 824 1426 885 Antonium
1488 823 1778 900 Vulpium
1847 823 1906 882 N
1907 841 2372 898 ovocomensem,

402 909 416 932 ⁶
468 924 498 964 ὃ
534 911 915 970 Parthenium
941 911 1355 974 Paravicinum
1400 918 1578 989 atque
1624 913 1824 989 ipsum
1843 913 1901 972 N
1901 931 2372 986 ovocomensem,

536 999 859 1076 Georgium
917 999 1203 1060 Iodocum
1262 1001 1662 1078 Bergamum,
1711 1001 2008 1078 Angelum
2072 1001 2370 1060 Perotium

536 1089 891 1164 Camertem,
951 1091 1353 1151 Ptolemaeum
1410 1089 1670 1151 Gallium
1725 1091 2094 1165 Comensem,
2150 1090 2370 1150 Iulium

535 1178 848 1240 Feroldum
905 1179 1386 1254 Cremonensem,
1448 1180 1830 1238 Franciscum
1883 1180 2255 1240 Manfredum
2310 1185 2374 1239 et

534 1267 731 1343 ipsum
806 1268 1288 1344 Cremonensem,
1370 1268 1648 1331 Ioannem
1729 1269 1982 1330 Paulum
2055 1269 2372 1330 Amanium
2491 1273 2497 1279 “

447 1369 498 1408 10
537 1355 935 1430 Cremensem,
962 1357 1213 1419 Paulum
1240 1357 1532 1418 iuniorem
1559 1364 1620 1416 et
1646 1358 1866 1418 Iulium
1885 1358 2098 1434 Iovios,
2123 1357 2369 1416 Fabium

533 1445 1017 1507 Benevolentium
1046 1445 1379 1521 Senensem,
1427 1446 1858 1520 Hieronymum
1894 1445 2190 1522 Olgiatum
2227 1446 2374 1505 Per·

536 1551 869 1608 cussorem,
962 1533 1357 1594 Landrianum
1448 1535 1974 1608 Mediolanensem,
2073 1535 2373 1594 Andream

474 1643 480 1650 ·
534 1623 886 1698 Angulium,
933 1623 1255 1682 Antonium
1282 1623 1566 1696 Vaecam,
1609 1623 1925 1684 Antonium
1971 1623 2372 1698 Saufelicium,

399 1787 406 1793 ·
533 1711 863 1770 Placidium
876 1711 1304 1784 Placentinum,
1320 1711 1690 1772 Ludovicum
1703 1713 2078 1772 Dominicum
2097 1717 2156 1770 et
2173 1712 2372 1788 ipsum

446 1811 498 1852 15
534 1799 961 1872 Placentinum,
986 1799 1263 1861 Ioannem
1282 1800 1612 1882 Baptistam
1627 1799 1906 1874 ‘Gabimm
1933 1800 2374 1864 Ferdinandum

533 1888 842 1948 Balanium
856 1888 1139 1962 Siculum,
1153 1889 1394 1948 Fabium
1407 1889 1686 1964 Segnium
1699 1889 2116 1962 Florentinum,
2127 1889 2372 1948 Petnun

536 1977 844 2038 Alvarium
904 1977 1263 2052 Romanum,
1328 1977 1599 2038 Laelium
1665 1977 1978 2052 Caranum,
2051 1977 2372 2040 Martinum

458 2140 464 2148 '
532 2065 1632 2141 CromemmSarmatam,Alexandrum
1643 2065 2371 2147 SuitenuinGermanum.’]

668 2154 895 2229 Quibus
947 2156 1039 2215 sic
1092 2176 1128 2215 a
1180 2156 1383 2218 Riccio
1443 2156 1733 2233 expositis
1787 2157 2174 2217 Antimachus
2233 2158 2372 2216 sub-

444 2256 497 2301 20
536 2244 717 2303 didit:
776 2246 1123 2321 ‘Postquam
1177 2263 1243 2303 es
1297 2246 1360 2305 in
1406 2245 1520 2305 isto
1567 2246 1822 2306 dicendi·
1847 2264 2052 2319 cursu,
2107 2264 2140 2303 o
2186 2246 2368 2316 Ricci,

446 2344 565 2399 [103]
620 2333 695 2391 de
747 2334 1063 2394 academiis
1122 2334 1298 2407 etiam
1353 2332 1576 2411 aliquid
1635 2335 1696 2393 in
1753 2335 2016 2395 medium
2065 2331 2074 2415 Ι
2123 2335 2372 2409 adferaS,

458 2486 463 2491 ,
536 2441 684 2498 quae
742 2423 839 2481 his
896 2423 1065 2481 annis
1126 2424 1422 2500 proximis.
1469 2423 1534 2481 in
1587 2425 1812 2501 aliquot
1863 2424 2072 2483 Italiae
2126 2424 2372 2483 urbibus

534 2510 885 2571 constitutae
958 2512 1130 2574 sunt.’
1238 2512 1347 2571 Cui
1422 2512 1508 2573 sic
1569 2512 1810 2573 Riccius
1883 2532 1998 2574 non
2057 2518 2373 2575 cunctatus

438 2622 441 2627 ·
532 2600 869 2675 respondit:
933 2601 1037 2661 ‘De
1082 2602 1426 2675 academiis,
1475 2620 1626 2679 quae
1672 2602 1734 2661 in
1779 2602 2080 2679 plerisque
2124 2602 2373 2661 urbibus

438 2700 497 2741 25
534 2682 762 2759 erectae
824 2695 987 2763 sunt,
1031 2690 1199 2771 ,1111111
1258 2690 1317 2749 in
1375 2690 1724 2769 universum
1759 2697 2038 2759 ⁴statuere
2079 2708 2370 2767 ·possum;

492 2800 495 2805 ·
534 2796 671 2838 nam
716 2777 861 2837 illae.
884 2779 1122 2854 quidem
1149 2780 1404 2839 multum
1435 2780 1764 2856 splendoris
1791 2798 1860 2839 ac
1890 2780 2043 2839 lucis
2073 2780 2373 2855 praeferre

536 2864 923 2940 videbantur,
980 2867 1083 2926 sed
1148 2868 1323 2944 paulo
1388 2876 1526 2944 post
1585 2869 1650 2927 in
1712 2868 1942 2929 fumum
2006 2873 2066 2927 et
2124 2868 2372 2927 nebulas

532 2961 908 3016 evanuerimt.
1015 2956 1240 3017 Verum
1312 2962 1374 3015 et
1439 2975 1642 3017 earum
1716 2958 2088 3033 cognomina,
2162 2958 2372 3033 quales

535 3050 738 3103 essent
781 3045 1033 3119 futurae,
1078 3044 1517 3122 significabant;
1567 3065 1748 3123 quare
1787 3047 1862 3107 de
1907 3047 2004 3105 his
2031 3047 2163 3105 nolo
2182 3047 2374 3105 verba,

341 3160 350 3167 ·
442 3145 497 3187 30
532 3132 833 3196 faciamus.
903 3133 1081 3193 Nam·
1103 3134 1404 3211 quaedam·
1421 3135 1526 3193 vix
1553 3136 1858 3198 inchoatae
1887 3154 2020 3195 esse
2051 3135 2372 3208 desierunt,

534 3227 602 3281 ut
647 3241 823 3298 quam
870 3223 1099 3299 erigere
1142 3224 1244 3283 hic
1284 3224 1537 3287 Albinus
1582 3224 1810 3301 Lollius
1857 3225 2036 3285 enixe
2080 3224 2372 3296 studebat,

534 3310 609 3370 de
656 3330 771 3387 qua
818 3318 1013 3377 exstat
1060 3318 1120 3371 et
1164 3313 1382 3387 legitur
1427 3314 1611 3373 oratio
1643 3313 1872 3373 Feri-ini
1916 3313 2106 3373 nostri
2124 3320 2195 3373 et
2223 3313 2370 3371 item

532 3400 715 3462 altera
758 3400 950 3476 ipsius
994 3401 1187 3461 Lollii.
1515 3422 1523 3429 ·
2108 3442 2112 3447 ·

666 3488 827 3564 Ergo
851 3490 929 3548 de
956 3490 1147 3565 poetis
1193 3498 1429 3549 nostrae
1473 3490 1682 3549 aetatis
1721 3491 2126 3567 perficiamus3
2175 3490 2248 3549 de
2276 3490 2372 3547 his

442 3589 497 3631 35
532 3578 850 3644 academiis
896 3578 1041 3637 alias
1090 3596 1355 3639 seorsum
1403 3597 1540 3639 cum
1571 3580 1708 3655 plus
1737 3579 1840 3639 otii
1867 3579 2060 3653 fuerit,
2107 3596 2370 3654 agemus.
