2796 4185
516 393 598 451 62
1171 407 1498 463 GYRAans,
1543 407 1618 448 m:
1664 407 1877 449 Pomls.

603 592 665 645 et
706 587 1029 663 Pomponio
1092 586 1273 645 Laeto
1336 603 1578 662 operam
1640 585 1819 644 dedit.
1912 585 2054 643 Mox
2123 603 2240 642 non
2303 593 2436 660 post

542 715 549 720 -
604 675 821 736 multos
884 692 1069 734 annos
1127 676 1188 733 in
1246 675 1494 751 patriam
1551 680 1644 733 est
1698 691 2000 747 reversus,
2065 674 2165 732 ubi
2223 673 2436 732 docere

602 765 794 841 coepit
866 764 1263 822 Britannicam
1337 764 1708 823 iuventutem
1788 763 1962 836 adeo,
2045 769 2114 821 ut
2182 761 2433 822 Ioannes

602 853 859 926 ColetuS,
906 869 1135 911 summo
1182 852 1272 910 vir
1314 852 1554 928 ingenio
1600 859 1662 912 et
1687 852 1947 911 doctrina
1995 857 2250 922 ornatum,
2297 870 2436 910 eum

536 955 567 996 5
604 960 747 1001 suae
792 959 977 1004 novae
1022 942 1275 1014 scholae,
1322 959 1502 1018 quam
1545 941 1798 1000 Londini
1844 947 2132 1012 erexerat,
2179 941 2435 1017 primum

600 1030 1344 1107 praeceptorem-elegerin
1374 1031 1439 1088 in
1467 1049 1584 1107 qua
1605 1048 1790 1089 annos
1809 1030 2146 1107 quindecim
2167 1029 2432 1088 docendo

506 1157 512 1166 -
606 1138 673 1178 se
700 1120 983 1178 exercuit.
1014 1119 1261 1196 Scripsit
1280 1119 1694 1196 compendium
1714 1118 2128 1194 grammaticae
2148 1118 2432 1194 perutile3

604 1215 743 1268 sunt
760 1209 861 1285 qui
894 1209 1071 1267 etiam
1096 1208 1379 1280 libellum,
1401 1209 1500 1284 qui
1531 1209 1639 1267 sub
1667 1207 1896 1267 Erasmi
1925 1207 2160 1266 nomine
2187 1207 2434 1266 circum·

600 1298 814 1370 fertur,
876 1297 1145 1371 syntaxis
1204 1297 1582 1373 inscriptum,
1643 1297 1818 1355 huius
1877 1313 2014 1356 esse
2074 1296 2433 1355 existiment.

478 1445 491 1457 ‚
512 1399 567 1439 10
602 1385 851 1462 Scripsit
872 1405 1016 1444 -vero
1036 1386 1295 1444 carmine
1314 1387 1660 1445 hexametro
1677 1386 1753 1445 de
1773 1385 2114 1444 Latinorum
2133 1385 2436 1444 nominum

598 1475 1029 1551 verborumque
1101 1475 1420 1548 generibus
1493 1474 1874 1551 opusculum3
1937 1474 2045 1533 sed
2116 1479 2177 1532 et
2245 1474 2434 1550 ipsius

604 1581 841 1622 carmen
904 1564 1264 1638 celebratur,
1330 1563 1488 1640 quod
1545 1565 1608 1622 in
1661 1564 2004 1640 Philippum
2051 1562 2432 1622 Maximiliani

602 1651 869 1712 Caesaris
914 1653 1117 1726 filium,
1179 1653 1280 1729 qui
1325 1653 1383 1710 vi
1430 1653 1800 1729 tempestatis
1846 1652 2092 1711 disiecta
2135 1652 2326 1711 classe
2371 1652 2433 1710 in

602 1741 911 1800 Carnubici
954 1742 1140 1800 litoris
1186 1748 1419 1818 portum
1463 1743 1789 1818 appulerat.
1873 1741 2143 1800 Carolum
2187 1740 2332 1800 item
2359 1740 2433 1799 V.

518 1841 571 1883 15
610 1829 922 1888 Caesarem
964 1831 1038 1890 ab
1079 1831 1334 1889 Henrico
1362 1831 1528 1889 VIII.
1575 1849 1716 1906 rege
1751 1829 2064 1906 magnifico
2091 1835 2434 1906 susceptum

606 1919 857 1995 hospitio
887 1925 948 1978 et
975 1919 1355 1978 celeberrimo
1385 1920 1856 1996 spectaculorum
1874 1924 2158 1995 apparatu
2183 1918 2434 1977 Londini

515 2019 605 2074 172]
653 2027 748 2066 ur-
790 2005 797 2086 Ι
840 2008 977 2066 bem
1033 2008 1345 2067 intrantem
1413 2008 1770 2085 panegyrico
1831 2007 2087 2066 carmine
2149 2013 2210 2066 et
2266 2007 2432 2066 lucu-

602 2098 765 2156 lenta
783 2098 1039 2156 oratione
1060 2098 1333 2157 laudavit.
1381 2099 1454 2157 In
1467 2099 1770 2158 vertendis
1788 2116 1929 2157 vero
1947 2096 2184 2157 Graecis
2211 2097 2435 2174 aliquot

602 2187 1122 2262 epigranmiatibus
1184 2206 1319 2246 cum
1378 2188 1603 2246 Thoma
1659 2188 1824 2246 Moro
1883 2186 2238 2246 adulescens
2297 2204 2434 2245 con-

510 2286 569 2329 20
585 2275 809 2334 tendit.
877 2275 1424 2352 Quinquagenarius
1469 2283 1736 2336 mortuus
1783 2282 1890 2335 est.
1964 2276 2244 2335 Relaturo
2289 2276 2432 2333 mihi

600 2364 825 2440 aliquid
874 2364 949 2422 de
978 2364 1237 2423 Thomae
1282 2364 1432 2423 Mori
1476 2366 1705 2441 poetica
1748 2384 1820 2425 ac
1856 2365 2120 2423 doctrina
2149 2364 2436 2423 horrescit

600 2454 848 2526 animus,
870 2452 1027 2529 quod
1056 2454 1225 2512 illum
1250 2454 1632 2515 acerbissima
1658 2460 1848 2513 morte
1877 2470 2022 2513 suus
2054 2472 2164 2512 rex
2199 2453 2431 2512 adfecit.

600 2542 902 2617 Tantoque
948 2543 1077 2600 eius
1122 2543 1281 2601 omni
1325 2542 1592 2602 doctrina
1635 2543 1955 2603 mirabilior
1980 2542 2228 2613 videtur,
2275 2542 2432 2619 quod

599 2648 901 2707 nunquam
946 2630 1139 2690 insula
1192 2649 1472 2707 egressus
1532 2650 1598 2691 se
1644 2631 1772 2708 ipso
1819 2650 1964 2691 usus
2012 2638 2105 2690 est
2149 2632 2432 2707 magistro

510 2731 579 2773 25-
604 2720 867 2796 adeoque
904 2720 1152 2796 profecit
1196 2728 1325 2779 tum
1353 2719 1580 2779 Graece
1615 2726 1739 2779 tum
1773 2721 1996 2793 Latine,
2045 2725 2112 2779 ut
2141 2739 2176 2779 e
2207 2719 2432 2779 Graeco

604 2808 667 2866 in
721 2808 996 2867 Latinum
1053 2809 1313 2869 carmina
1365 2815 1626 2868 verteret
1681 2815 1768 2868 et·
1795 2810 2235 2886 epigrammatis
2291 2809 2433 2868 satis

602 2897 827 2971 argutis
871 2898 1105 2956 luderet
1149 2916 1403 2975 cumque
1434 2897 1726 2957 Gulielmo
1757 2898 1908 2957 Lilio
1953 2898 2216 2957 canendo
2254 2898 2431 2957 inter-

600 2985 743 3043 dum
810 2992 1078 3045 certaret.
1178 2986 1321 3045 Mox
1381 2986 1458 3045 ad
1517 2988 1784 3062 graviora
1843 2988 2038 3046 studia
2109 3004 2431 3046 conversus

601 3092 717 3132 non
752 3075 992 3133 inferior
1019 3075 1333 3135 videbatur
1368 3075 1494 3134 suis
1519 3076 1862 3153 aequalibus
1893 3076 2112 3148 Colet0,
2143 3074 2432 3147 Grocini0‚

508 3174 565 3216 30
601 3162 880 3239 Lupseto,
928 3164 1180 3223 Ricardo
1210 3164 1449 3237 Pacaeo,
1496 3164 1774 3223 Roffense
1821 3170 1885 3223 et
1921 3165 2066 3224 aliis,
2131 3163 2325 3237 Quare
2358 3165 2431 3225 ad

602 3269 863 3311 summos
890 3253 1269 3328 magistratus
1296 3254 1369 3312 ob
1398 3254 1528 3313 eius
1545 3254 1796 3313 virtutes
1823 3254 1898 3312 ab
1927 3253 2200 3326 HenricO,
2230 3260 2432 3313 octavo

601 3340 731 3399 eius
776 3340 1029 3400 nominis
1074 3360 1235 3417 rege,
1282 3344 1525 3402 evectus
1572 3348 1678 3401 est.
1744 3343 1863 3403 Sed
1901 3361 2036 3401 cum
2064 3360 2174 3401 rex
2201 3342 2428 3419 repudii

600 3428 867 3489 libellum
910 3430 1152 3505 reginae
1192 3431 1542 3490 Catherinae
1587 3431 1728 3491 dare
1773 3432 1958 3490 vellet
2001 3437 2203 3490 contra
2239 3431 2432 3490 omnia

604 3518 801 3576 divina
848 3524 908 3577 et
953 3520 1209 3577 humana
1252 3520 1395 3593 iura,
1444 3520 1574 3596 ipse
1623 3538 1756 3579 sese
1790 3520 2226 3595 magistratibus
2269 3520 2433 3579 abdi-

508 3618 565 3658 35
603 3606 783 3680 cavit,
842 3607 1013 3692 utin
1059 3608 1173 3665 otio
1218 3608 1400 3667 vitam
1445 3609 1722 3684 duceret3
1780 3608 1886 3667 sed
1931 3626 2046 3667 nec
2093 3628 2160 3667 ea
2205 3609 2430 3668 ratione
