<?xml version="1.0" encoding="UTF-8"?>
<!DOCTYPE html PUBLIC "-//W3C//DTD XHTML 1.0 Transitional//EN"
    "http://www.w3.org/TR/xhtml1/DTD/xhtml1-transitional.dtd">
<html xmlns="http://www.w3.org/1999/xhtml" xml:lang="en" lang="en">
 <head>
  <title>
</title>
<meta http-equiv="Content-Type" content="text/html;charset=utf-8" />
  <meta name='ocr-system' content='tesseract 3.04.00' />
  <meta name='ocr-capabilities' content='ocr_page ocr_carea ocr_par ocr_line ocrx_word'/>
</head>
<body>
  <div class='ocr_page' id='page_1' title='image "./lilivsgregorivs00unkngoog_0111.png"; bbox 0 0 2796 4185; ppageno 0'>
   <div class='ocr_carea' id='block_1_1' title="bbox 991 422 2304 495">
    <p class='ocr_par' dir='ltr' id='par_1_1' title="bbox 991 422 2304 495">
     <span class='ocr_line' id='line_1_1' title="bbox 991 422 2304 495; baseline 0.002 -17"><span class='ocrx_word' id='word_1_1' title='bbox 991 437 1315 495; x_wconf 77' lang='lat' dir='ltr'>GYRALDVS,</span> <span class='ocrx_word' id='word_1_2' title='bbox 1360 439 1436 478; x_wconf 80' lang='lat' dir='ltr'>m:</span> <span class='ocrx_word' id='word_1_3' title='bbox 1479 438 1694 480; x_wconf 75' lang='lat' dir='ltr'>roms.</span> <span class='ocrx_word' id='word_1_4' title='bbox 2225 422 2304 481; x_wconf 89' lang='grc'>81</span> 
     </span>
    </p>
   </div>
   <div class='ocr_carea' id='block_1_2' title="bbox 380 612 2314 3447">
    <p class='ocr_par' dir='ltr' id='par_1_2' title="bbox 394 612 2314 960">
     <span class='ocr_line' id='line_1_2' title="bbox 394 612 2314 694; baseline 0.005 -27"><span class='ocrx_word' id='word_1_5' title='bbox 394 625 485 680; x_wconf 83' lang='grc'><strong>[92]</strong></span> <span class='ocrx_word' id='word_1_6' title='bbox 545 613 901 691; x_wconf 88' lang='lat' dir='ltr'>Xenophon·</span> <span class='ocrx_word' id='word_1_7' title='bbox 956 612 965 694; x_wconf 72' lang='grc' dir='ltr'>Ι</span> <span class='ocrx_word' id='word_1_8' title='bbox 1018 615 1097 674; x_wconf 92' lang='lat' dir='ltr'>tis</span> <span class='ocrx_word' id='word_1_9' title='bbox 1170 615 1477 674; x_wconf 80' lang='lat' dir='ltr'><strong>historiam</strong></span> <span class='ocrx_word' id='word_1_10' title='bbox 1549 616 1624 674; x_wconf 92' lang='lat' dir='ltr'>de</span> <span class='ocrx_word' id='word_1_11' title='bbox 1688 615 1829 690; x_wconf 83' lang='lat' dir='ltr'>Cyri</span> <span class='ocrx_word' id='word_1_12' title='bbox 1903 616 2190 675; x_wconf 79' lang='lat' dir='ltr'>descensu</span> <span class='ocrx_word' id='word_1_13' title='bbox 2253 623 2314 676; x_wconf 84' lang='lat' dir='ltr'>et</span> 
     </span>
     <span class='ocr_line' id='line_1_3' title="bbox 475 703 2312 782; baseline 0.002 -21"><span class='ocrx_word' id='word_1_14' title='bbox 475 703 858 778; x_wconf 81' lang='lat' dir='ltr'>Pausaniam,</span> <span class='ocrx_word' id='word_1_15' title='bbox 917 703 1079 762; x_wconf 87' lang='lat' dir='ltr'>filius</span> <span class='ocrx_word' id='word_1_16' title='bbox 1134 704 1209 762; x_wconf 93' lang='lat' dir='ltr'>de</span> <span class='ocrx_word' id='word_1_17' title='bbox 1264 705 1452 764; x_wconf 83' lang='lat' dir='ltr'>forma</span> <span class='ocrx_word' id='word_1_18' title='bbox 1505 704 1592 764; x_wconf 92' lang='lat' dir='ltr'>rei</span> <span class='ocrx_word' id='word_1_19' title='bbox 1637 705 1908 782; x_wconf 84' lang='lat' dir='ltr'>publicae</span> <span class='ocrx_word' id='word_1_20' title='bbox 1953 711 2150 764; x_wconf 80' lang='lat' dir='ltr'>vetere</span> <span class='ocrx_word' id='word_1_21' title='bbox 2192 705 2312 764; x_wconf 81' lang='lat' dir='ltr'>Ro-</span> 
     </span>
     <span class='ocr_line' id='line_1_4' title="bbox 474 793 2312 870; baseline 0.002 -20"><span class='ocrx_word' id='word_1_22' title='bbox 474 810 777 850; x_wconf 89' lang='lat' dir='ltr'>manorum</span> <span class='ocrx_word' id='word_1_23' title='bbox 840 811 918 852; x_wconf 79' lang='lat' dir='ltr'>ex</span> <span class='ocrx_word' id='word_1_24' title='bbox 981 793 1243 868; x_wconf 86' lang='lat' dir='ltr'>Polybio.</span> <span class='ocrx_word' id='word_1_25' title='bbox 1344 793 1575 852; x_wconf 89' lang='lat' dir='ltr'>Horum</span> <span class='ocrx_word' id='word_1_26' title='bbox 1636 795 1822 865; x_wconf 76' lang='lat' dir='ltr'>ferme</span> <span class='ocrx_word' id='word_1_27' title='bbox 1893 794 2155 870; x_wconf 87' lang='lat' dir='ltr'>aequalis</span> <span class='ocrx_word' id='word_1_28' title='bbox 2219 800 2312 853; x_wconf 86' lang='lat' dir='ltr'>est</span> 
     </span>
     <span class='ocr_line' id='line_1_5' title="bbox 474 880 2310 960; baseline 0.002 -22"><span class='ocrx_word' id='word_1_29' title='bbox 474 881 739 940; x_wconf 87' lang='lat' dir='ltr'>Adamus</span> <span class='ocrx_word' id='word_1_30' title='bbox 788 880 1129 960; x_wconf 75' lang='lat' dir='ltr'>[Fumanus]</span> <span class='ocrx_word' id='word_1_31' title='bbox 1159 882 1538 957; x_wconf 78' lang='lat' dir='ltr'>VeronensiS,</span> <span class='ocrx_word' id='word_1_32' title='bbox 1583 883 1732 942; x_wconf 91' lang='lat' dir='ltr'>bene</span> <span class='ocrx_word' id='word_1_33' title='bbox 1777 901 1846 941; x_wconf 88' lang='lat' dir='ltr'>ac</span> <span class='ocrx_word' id='word_1_34' title='bbox 1869 883 1969 959; x_wconf 89' lang='lat' dir='ltr'>pie</span> <span class='ocrx_word' id='word_1_35' title='bbox 1995 883 2310 957; x_wconf 76' lang='lat' dir='ltr'>litteratuS,</span> 
     </span>
    </p>

    <p class='ocr_par' dir='ltr' id='par_1_3' title="bbox 412 969 2312 1404">
     <span class='ocr_line' id='line_1_6' title="bbox 412 969 2310 1046; baseline 0.005 -24"><span class='ocrx_word' id='word_1_36' title='bbox 412 982 438 1022; x_wconf 79' lang='lat'>5</span> <span class='ocrx_word' id='word_1_37' title='bbox 476 969 595 1046; x_wconf 87' lang='lat' dir='ltr'>qui,</span> <span class='ocrx_word' id='word_1_38' title='bbox 643 988 779 1028; x_wconf 89' lang='lat' dir='ltr'>cum</span> <span class='ocrx_word' id='word_1_39' title='bbox 823 971 1099 1030; x_wconf 78' lang='lat' dir='ltr'>alumnus</span> <span class='ocrx_word' id='word_1_40' title='bbox 1131 969 1359 1030; x_wconf 77' lang='lat' dir='ltr'>Giberti</span> <span class='ocrx_word' id='word_1_41' title='bbox 1403 972 1585 1030; x_wconf 79' lang='lat' dir='ltr'>fuerit</span> <span class='ocrx_word' id='word_1_42' title='bbox 1611 971 1970 1030; x_wconf 79' lang='lat' dir='ltr'>Veronensis</span> <span class='ocrx_word' id='word_1_43' title='bbox 2013 971 2310 1046; x_wconf 81' lang='lat' dir='ltr'>antistitiS,</span> 
     </span>
     <span class='ocr_line' id='line_1_7' title="bbox 476 1058 2312 1120; baseline 0.002 -4"><span class='ocrx_word' id='word_1_44' title='bbox 476 1059 605 1117; x_wconf 91' lang='lat' dir='ltr'>eius</span> <span class='ocrx_word' id='word_1_45' title='bbox 650 1058 808 1118; x_wconf 86' lang='lat' dir='ltr'>vitae</span> <span class='ocrx_word' id='word_1_46' title='bbox 854 1066 913 1118; x_wconf 88' lang='lat' dir='ltr'>et</span> <span class='ocrx_word' id='word_1_47' title='bbox 961 1078 1192 1118; x_wconf 90' lang='lat' dir='ltr'>morum</span> <span class='ocrx_word' id='word_1_48' title='bbox 1246 1061 1534 1119; x_wconf 84' lang='lat' dir='ltr'>rationem</span> <span class='ocrx_word' id='word_1_49' title='bbox 1580 1065 1838 1120; x_wconf 74' lang='lat' dir='ltr'>sectatus</span> <span class='ocrx_word' id='word_1_50' title='bbox 1883 1061 1953 1120; x_wconf 92' lang='lat' dir='ltr'>D.</span> <span class='ocrx_word' id='word_1_51' title='bbox 1999 1060 2207 1119; x_wconf 92' lang='lat' dir='ltr'>Basilii</span> <span class='ocrx_word' id='word_1_52' title='bbox 2251 1067 2312 1120; x_wconf 85' lang='lat' dir='ltr'>et</span> 
     </span>
     <span class='ocr_line' id='line_1_8' title="bbox 474 1147 2310 1226; baseline 0.001 -20"><span class='ocrx_word' id='word_1_53' title='bbox 474 1147 589 1206; x_wconf 81' lang='lat' dir='ltr'>alia</span> <span class='ocrx_word' id='word_1_54' title='bbox 616 1149 905 1224; x_wconf 82' lang='lat' dir='ltr'>quaedam</span> <span class='ocrx_word' id='word_1_55' title='bbox 933 1167 1011 1208; x_wconf 83' lang='lat' dir='ltr'>ex</span> <span class='ocrx_word' id='word_1_56' title='bbox 1042 1148 1265 1208; x_wconf 81' lang='lat' dir='ltr'>Graeco</span> <span class='ocrx_word' id='word_1_57' title='bbox 1287 1148 1500 1208; x_wconf 85' lang='lat' dir='ltr'>Latina</span> <span class='ocrx_word' id='word_1_58' title='bbox 1524 1149 1680 1208; x_wconf 77' lang='lat' dir='ltr'>fecit.</span> <span class='ocrx_word' id='word_1_59' title='bbox 1736 1149 1814 1209; x_wconf 84' lang='lat' dir='ltr'>Et</span> <span class='ocrx_word' id='word_1_60' title='bbox 1840 1150 2051 1208; x_wconf 89' lang='lat' dir='ltr'>horum</span> <span class='ocrx_word' id='word_1_61' title='bbox 2070 1150 2310 1226; x_wconf 89' lang='lat' dir='ltr'>quidem</span> 
     </span>
     <span class='ocr_line' id='line_1_9' title="bbox 473 1237 2312 1316; baseline 0.002 -22"><span class='ocrx_word' id='word_1_62' title='bbox 473 1237 653 1294; x_wconf 88' lang='lat' dir='ltr'>trium</span> <span class='ocrx_word' id='word_1_63' title='bbox 724 1242 790 1295; x_wconf 90' lang='lat' dir='ltr'>ut</span> <span class='ocrx_word' id='word_1_64' title='bbox 844 1239 1028 1298; x_wconf 86' lang='lat' dir='ltr'>multa</span> <span class='ocrx_word' id='word_1_65' title='bbox 1086 1237 1341 1297; x_wconf 87' lang='lat' dir='ltr'>oratione</span> <span class='ocrx_word' id='word_1_66' title='bbox 1388 1239 1578 1298; x_wconf 82' lang='lat' dir='ltr'>soluta</span> <span class='ocrx_word' id='word_1_67' title='bbox 1621 1239 1926 1314; x_wconf 86' lang='lat' dir='ltr'>leguntur,</span> <span class='ocrx_word' id='word_1_68' title='bbox 1983 1239 2069 1298; x_wconf 76' lang='lat' dir='ltr'>ita</span> <span class='ocrx_word' id='word_1_69' title='bbox 2121 1257 2312 1316; x_wconf 87' lang='lat' dir='ltr'>pauca</span> 
     </span>
     <span class='ocr_line' id='line_1_10' title="bbox 474 1326 2310 1404; baseline 0.002 -20"><span class='ocrx_word' id='word_1_70' title='bbox 474 1326 791 1384; x_wconf 87' lang='lat' dir='ltr'>admodum</span> <span class='ocrx_word' id='word_1_71' title='bbox 824 1326 1081 1386; x_wconf 88' lang='lat' dir='ltr'>carmine</span> <span class='ocrx_word' id='word_1_72' title='bbox 1116 1327 1337 1404; x_wconf 87' lang='lat' dir='ltr'>scripta</span> <span class='ocrx_word' id='word_1_73' title='bbox 1364 1327 1886 1402; x_wconf 85' lang='lat' dir='ltr'>circumferuntur3</span> <span class='ocrx_word' id='word_1_74' title='bbox 1935 1346 2087 1404; x_wconf 90' lang='lat' dir='ltr'>quae</span> <span class='ocrx_word' id='word_1_75' title='bbox 2114 1334 2310 1387; x_wconf 78' lang='lat' dir='ltr'>tamen</span> 
     </span>
    </p>

    <p class='ocr_par' dir='ltr' id='par_1_4' title="bbox 386 1414 2311 1846">
     <span class='ocr_line' id='line_1_11' title="bbox 386 1414 2310 1491; baseline 0.005 -24"><span class='ocrx_word' id='word_1_76' title='bbox 386 1427 437 1467; x_wconf 72' lang='grc' dir='ltr'>ιο</span> <span class='ocrx_word' id='word_1_77' title='bbox 473 1414 620 1472; x_wconf 89' lang='lat' dir='ltr'>mihi</span> <span class='ocrx_word' id='word_1_78' title='bbox 664 1415 866 1473; x_wconf 80' lang='lat' dir='ltr'>videre</span> <span class='ocrx_word' id='word_1_79' title='bbox 913 1415 1175 1491; x_wconf 86' lang='lat' dir='ltr'>contigit,</span> <span class='ocrx_word' id='word_1_80' title='bbox 1222 1434 1340 1474; x_wconf 89' lang='lat' dir='ltr'>non</span> <span class='ocrx_word' id='word_1_81' title='bbox 1386 1416 1512 1475; x_wconf 89' lang='lat' dir='ltr'>sine</span> <span class='ocrx_word' id='word_1_82' title='bbox 1541 1416 1766 1476; x_wconf 81' lang='lat' dir='ltr'>Venere</span> <span class='ocrx_word' id='word_1_83' title='bbox 1812 1422 1873 1475; x_wconf 88' lang='lat' dir='ltr'>et</span> <span class='ocrx_word' id='word_1_84' title='bbox 1913 1415 2132 1476; x_wconf 78' lang='lat' dir='ltr'>Gratiis</span> <span class='ocrx_word' id='word_1_85' title='bbox 2177 1435 2310 1478; x_wconf 85' lang='lat' dir='ltr'>esse</span> 
     </span>
     <span class='ocr_line' id='line_1_12' title="bbox 474 1503 2308 1581; baseline 0.003 -21"><span class='ocrx_word' id='word_1_86' title='bbox 474 1503 603 1562; x_wconf 88' lang='lat' dir='ltr'>visa</span> <span class='ocrx_word' id='word_1_87' title='bbox 663 1509 824 1576; x_wconf 88' lang='lat' dir='ltr'>sunt,</span> <span class='ocrx_word' id='word_1_88' title='bbox 880 1509 943 1562; x_wconf 89' lang='lat' dir='ltr'>et</span> <span class='ocrx_word' id='word_1_89' title='bbox 986 1504 1061 1563; x_wconf 90' lang='lat' dir='ltr'>de</span> <span class='ocrx_word' id='word_1_90' title='bbox 1104 1505 1203 1562; x_wconf 89' lang='lat' dir='ltr'>his</span> <span class='ocrx_word' id='word_1_91' title='bbox 1246 1505 1414 1563; x_wconf 82' lang='lat' dir='ltr'>vobis</span> <span class='ocrx_word' id='word_1_92' title='bbox 1438 1525 1445 1536; x_wconf 58' lang='lat'><em>³</em></span> <span class='ocrx_word' id='word_1_93' title='bbox 1459 1506 1573 1564; x_wconf 90' lang='lat' dir='ltr'>hoc</span> <span class='ocrx_word' id='word_1_94' title='bbox 1617 1506 1745 1564; x_wconf 87' lang='lat' dir='ltr'>loco</span> <span class='ocrx_word' id='word_1_95' title='bbox 1789 1523 1980 1581; x_wconf 87' lang='lat' dir='ltr'>pauca</span> <span class='ocrx_word' id='word_1_96' title='bbox 2023 1507 2308 1565; x_wconf 90' lang='lat' dir='ltr'>recensui.</span> 
     </span>
     <span class='ocr_line' id='line_1_13' title="bbox 474 1591 2310 1669; baseline 0.003 -21"><span class='ocrx_word' id='word_1_97' title='bbox 474 1591 617 1649; x_wconf 87' lang='lat' dir='ltr'>Vidi</span> <span class='ocrx_word' id='word_1_98' title='bbox 701 1591 999 1650; x_wconf 85' lang='lat' dir='ltr'>Francisci</span> <span class='ocrx_word' id='word_1_99' title='bbox 1075 1592 1320 1651; x_wconf 85' lang='lat' dir='ltr'>Roberti</span> <span class='ocrx_word' id='word_1_100' title='bbox 1395 1592 1698 1653; x_wconf 86' lang='lat' dir='ltr'>Vtinensis</span> <span class='ocrx_word' id='word_1_101' title='bbox 1784 1594 2310 1669; x_wconf 81' lang='lat' dir='ltr'>hendecasyllabos</span> 
     </span>
     <span class='ocr_line' id='line_1_14' title="bbox 478 1681 2310 1756; baseline 0.002 -18"><span class='ocrx_word' id='word_1_102' title='bbox 478 1681 765 1756; x_wconf 85' lang='lat' dir='ltr'>quosdam</span> <span class='ocrx_word' id='word_1_103' title='bbox 811 1686 872 1739; x_wconf 86' lang='lat' dir='ltr'>et</span> <span class='ocrx_word' id='word_1_104' title='bbox 917 1682 1117 1756; x_wconf 87' lang='lat' dir='ltr'>elegos</span> <span class='ocrx_word' id='word_1_105' title='bbox 1162 1699 1280 1740; x_wconf 89' lang='lat' dir='ltr'>non</span> <span class='ocrx_word' id='word_1_106' title='bbox 1336 1682 1462 1740; x_wconf 89' lang='lat' dir='ltr'>sine</span> <span class='ocrx_word' id='word_1_107' title='bbox 1507 1681 1739 1741; x_wconf 89' lang='lat' dir='ltr'>Venere</span> <span class='ocrx_word' id='word_1_108' title='bbox 1785 1689 1845 1742; x_wconf 87' lang='lat' dir='ltr'>et</span> <span class='ocrx_word' id='word_1_109' title='bbox 1891 1682 2130 1742; x_wconf 81' lang='lat' dir='ltr'>Charite</span> <span class='ocrx_word' id='word_1_110' title='bbox 2174 1701 2310 1742; x_wconf 91' lang='lat' dir='ltr'>con-</span> 
     </span>
     <span class='ocr_line' id='line_1_15' title="bbox 476 1769 2311 1846; baseline 0.002 -18"><span class='ocrx_word' id='word_1_111' title='bbox 476 1769 743 1844; x_wconf 78' lang='lat' dir='ltr'>scriptOS,</span> <span class='ocrx_word' id='word_1_112' title='bbox 788 1775 857 1828; x_wconf 84' lang='lat' dir='ltr'>ut</span> <span class='ocrx_word' id='word_1_113' title='bbox 899 1769 1029 1828; x_wconf 89' lang='lat' dir='ltr'>iure</span> <span class='ocrx_word' id='word_1_114' title='bbox 1072 1775 1133 1828; x_wconf 93' lang='lat' dir='ltr'>et</span> <span class='ocrx_word' id='word_1_115' title='bbox 1167 1769 1378 1830; x_wconf 88' lang='lat' dir='ltr'>merito</span> <span class='ocrx_word' id='word_1_116' title='bbox 1411 1771 1628 1846; x_wconf 84' lang='lat' dir='ltr'>dignus</span> <span class='ocrx_word' id='word_1_117' title='bbox 1657 1771 1752 1846; x_wconf 87' lang='lat' dir='ltr'>sit,</span> <span class='ocrx_word' id='word_1_118' title='bbox 1797 1776 1865 1829; x_wconf 88' lang='lat' dir='ltr'>ut</span> <span class='ocrx_word' id='word_1_119' title='bbox 1889 1771 1952 1829; x_wconf 92' lang='lat' dir='ltr'>in</span> <span class='ocrx_word' id='word_1_120' title='bbox 1979 1772 2092 1830; x_wconf 88' lang='lat' dir='ltr'>hac</span> <span class='ocrx_word' id='word_1_121' title='bbox 2118 1773 2311 1831; x_wconf 88' lang='lat' dir='ltr'>classe</span> 
     </span>
    </p>

    <p class='ocr_par' dir='ltr' id='par_1_5' title="bbox 389 1857 2312 2293">
     <span class='ocr_line' id='line_1_16' title="bbox 389 1857 2312 1936; baseline 0.006 -27"><span class='ocrx_word' id='word_1_122' title='bbox 389 1870 439 1910; x_wconf 83' lang='lat'>15</span> <span class='ocrx_word' id='word_1_123' title='bbox 478 1862 801 1918; x_wconf 74' lang='lat' dir='ltr'>censeatur.</span> <span class='ocrx_word' id='word_1_124' title='bbox 874 1857 1029 1916; x_wconf 89' lang='lat' dir='ltr'>Nam</span> <span class='ocrx_word' id='word_1_125' title='bbox 1074 1864 1142 1917; x_wconf 91' lang='lat' dir='ltr'>ut</span> <span class='ocrx_word' id='word_1_126' title='bbox 1186 1877 1266 1917; x_wconf 87' lang='lat' dir='ltr'>ex</span> <span class='ocrx_word' id='word_1_127' title='bbox 1310 1865 1371 1918; x_wconf 89' lang='lat' dir='ltr'>te</span> <span class='ocrx_word' id='word_1_128' title='bbox 1418 1877 1651 1936; x_wconf 89' lang='lat' dir='ltr'>quoque</span> <span class='ocrx_word' id='word_1_129' title='bbox 1695 1859 1920 1934; x_wconf 81' lang='lat' dir='ltr'>audivi,</span> <span class='ocrx_word' id='word_1_130' title='bbox 1968 1879 2002 1918; x_wconf 92' lang='lat' dir='ltr'>o</span> <span class='ocrx_word' id='word_1_131' title='bbox 2045 1860 2188 1934; x_wconf 76' lang='lat' dir='ltr'>Lili,</span> <span class='ocrx_word' id='word_1_132' title='bbox 2249 1866 2312 1920; x_wconf 88' lang='lat' dir='ltr'>et</span> 
     </span>
     <span class='ocr_line' id='line_1_17' title="bbox 477 1945 2309 2025; baseline 0.002 -20"><span class='ocrx_word' id='word_1_133' title='bbox 477 1945 721 2006; x_wconf 85' lang='lat' dir='ltr'>Graecis</span> <span class='ocrx_word' id='word_1_134' title='bbox 750 1947 1023 2006; x_wconf 83' lang='lat' dir='ltr'>versibus</span> <span class='ocrx_word' id='word_1_135' title='bbox 1067 1947 1381 2024; x_wconf 83' lang='lat' dir='ltr'>aliquando</span> <span class='ocrx_word' id='word_1_136' title='bbox 1427 1948 1598 2022; x_wconf 89' lang='lat' dir='ltr'>ludit,</span> <span class='ocrx_word' id='word_1_137' title='bbox 1645 1954 1713 2008; x_wconf 86' lang='lat' dir='ltr'>ut</span> <span class='ocrx_word' id='word_1_138' title='bbox 1745 1967 1938 2025; x_wconf 88' lang='lat' dir='ltr'>nuper</span> <span class='ocrx_word' id='word_1_139' title='bbox 1965 1949 2076 2008; x_wconf 92' lang='lat' dir='ltr'>ode</span> <span class='ocrx_word' id='word_1_140' title='bbox 2102 1949 2309 2023; x_wconf 86' lang='lat' dir='ltr'>lyrica,</span> 
     </span>
     <span class='ocr_line' id='line_1_18' title="bbox 476 2035 2307 2113; baseline 0.002 -18"><span class='ocrx_word' id='word_1_141' title='bbox 476 2054 654 2113; x_wconf 89' lang='lat' dir='ltr'>quam</span> <span class='ocrx_word' id='word_1_142' title='bbox 712 2035 787 2095; x_wconf 90' lang='lat' dir='ltr'>ad</span> <span class='ocrx_word' id='word_1_143' title='bbox 831 2036 1156 2096; x_wconf 88' lang='lat' dir='ltr'>Arnoldum</span> <span class='ocrx_word' id='word_1_144' title='bbox 1202 2037 1513 2097; x_wconf 87' lang='lat' dir='ltr'>Arlenium</span> <span class='ocrx_word' id='word_1_145' title='bbox 1567 2043 1738 2097; x_wconf 90' lang='lat' dir='ltr'>tuum</span> <span class='ocrx_word' id='word_1_146' title='bbox 1791 2037 1970 2097; x_wconf 86' lang='lat' dir='ltr'>misit.</span> <span class='ocrx_word' id='word_1_147' title='bbox 2059 2037 2177 2098; x_wconf 87' lang='lat' dir='ltr'>Sed</span> <span class='ocrx_word' id='word_1_148' title='bbox 2231 2037 2307 2098; x_wconf 89' lang='lat' dir='ltr'>de</span> 
     </span>
     <span class='ocr_line' id='line_1_19' title="bbox 473 2126 2308 2204; baseline 0.001 -21"><span class='ocrx_word' id='word_1_149' title='bbox 473 2126 585 2184; x_wconf 92' lang='lat' dir='ltr'>hoc</span> <span class='ocrx_word' id='word_1_150' title='bbox 654 2126 781 2184; x_wconf 83' lang='lat' dir='ltr'>viro</span> <span class='ocrx_word' id='word_1_151' title='bbox 852 2126 1255 2185; x_wconf 84' lang='lat' dir='ltr'>eruditissimo</span> <span class='ocrx_word' id='word_1_152' title='bbox 1327 2127 1479 2185; x_wconf 88' lang='lat' dir='ltr'>nihil</span> <span class='ocrx_word' id='word_1_153' title='bbox 1541 2128 1798 2204; x_wconf 87' lang='lat' dir='ltr'>amplius</span> <span class='ocrx_word' id='word_1_154' title='bbox 1861 2129 2076 2202; x_wconf 86' lang='lat' dir='ltr'>habe0,</span> <span class='ocrx_word' id='word_1_155' title='bbox 2149 2127 2308 2204; x_wconf 92' lang='lat' dir='ltr'>quod</span> 
     </span>
     <span class='ocr_line' id='line_1_20' title="bbox 472 2214 2310 2293; baseline 0.002 -22"><span class='ocrx_word' id='word_1_156' title='bbox 472 2214 681 2288; x_wconf 88' lang='lat' dir='ltr'>dicam,</span> <span class='ocrx_word' id='word_1_157' title='bbox 727 2221 1140 2291; x_wconf 69' lang='lat' dir='ltr'>praeterquam</span> <span class='ocrx_word' id='word_1_158' title='bbox 1185 2216 1343 2293; x_wconf 90' lang='lat' dir='ltr'>quod</span> <span class='ocrx_word' id='word_1_159' title='bbox 1387 2221 1455 2275; x_wconf 93' lang='lat' dir='ltr'>tu</span> <span class='ocrx_word' id='word_1_160' title='bbox 1497 2234 1692 2293; x_wconf 86' lang='lat' dir='ltr'>nuper</span> <span class='ocrx_word' id='word_1_161' title='bbox 1736 2218 1809 2275; x_wconf 89' lang='lat' dir='ltr'>de</span> <span class='ocrx_word' id='word_1_162' title='bbox 1849 2234 1918 2275; x_wconf 91' lang='lat' dir='ltr'>eo</span> <span class='ocrx_word' id='word_1_163' title='bbox 1946 2217 2310 2293; x_wconf 85' lang='lat' dir='ltr'>epigramma</span> 
     </span>
    </p>

    <p class='ocr_par' dir='ltr' id='par_1_6' title="bbox 382 2304 2308 2451">
     <span class='ocr_line' id='line_1_21' title="bbox 382 2304 2308 2381; baseline 0.003 -24"><span class='ocrx_word' id='word_1_164' title='bbox 382 2317 435 2357; x_wconf 83' lang='lat'>20</span> <span class='ocrx_word' id='word_1_165' title='bbox 472 2304 901 2379; x_wconf 84' lang='lat' dir='ltr'>conscripsisti,</span> <span class='ocrx_word' id='word_1_166' title='bbox 962 2305 1123 2381; x_wconf 87' lang='lat' dir='ltr'>quod</span> <span class='ocrx_word' id='word_1_167' title='bbox 1179 2311 1325 2381; x_wconf 88' lang='lat' dir='ltr'>puto</span> <span class='ocrx_word' id='word_1_168' title='bbox 1384 2323 1491 2363; x_wconf 79' lang='lat' dir='ltr'>vos</span> <span class='ocrx_word' id='word_1_169' title='bbox 1552 2323 1756 2365; x_wconf 88' lang='lat' dir='ltr'>omnes</span> <span class='ocrx_word' id='word_1_170' title='bbox 1819 2306 1996 2365; x_wconf 84' lang='lat' dir='ltr'>etiam</span> <span class='ocrx_word' id='word_1_171' title='bbox 2057 2305 2308 2364; x_wconf 83' lang='lat' dir='ltr'>libenter</span> 
     </span>
     <span class='ocr_line' id='line_1_22' title="bbox 470 2392 700 2451; baseline 0.004 -1"><span class='ocrx_word' id='word_1_172' title='bbox 470 2392 700 2451; x_wconf 88' lang='lat' dir='ltr'>audire:</span> 
     </span>
    </p>

    <p class='ocr_par' dir='ltr' id='par_1_7' title="bbox 737 2482 1910 2719">
     <span class='ocr_line' id='line_1_23' title="bbox 737 2482 1910 2557; baseline 0.001 -18"><span class='ocrx_word' id='word_1_173' title='bbox 737 2482 1089 2557; x_wconf 84' lang='lat' dir='ltr'>Robortelle,</span> <span class='ocrx_word' id='word_1_174' title='bbox 1136 2482 1319 2542; x_wconf 90' lang='lat' dir='ltr'>decus</span> <span class='ocrx_word' id='word_1_175' title='bbox 1363 2501 1582 2541; x_wconf 87' lang='lat' dir='ltr'>novem</span> <span class='ocrx_word' id='word_1_176' title='bbox 1629 2500 1910 2557; x_wconf 84' lang='lat' dir='ltr'>sororum,</span> 
     </span>
     <span class='ocr_line' id='line_1_24' title="bbox 739 2569 1824 2649; baseline 0.002 -22"><span class='ocrx_word' id='word_1_177' title='bbox 739 2569 930 2643; x_wconf 84' lang='lat' dir='ltr'>Quem</span> <span class='ocrx_word' id='word_1_178' title='bbox 974 2577 1181 2631; x_wconf 86' lang='lat' dir='ltr'>texere</span> <span class='ocrx_word' id='word_1_179' title='bbox 1225 2578 1481 2649; x_wconf 84' lang='lat' dir='ltr'>togaque</span> <span class='ocrx_word' id='word_1_180' title='bbox 1525 2572 1824 2649; x_wconf 87' lang='lat' dir='ltr'>pallioque</span> 
     </span>
     <span class='ocr_line' id='line_1_25' title="bbox 739 2659 1767 2719; baseline 0.003 -3"><span class='ocrx_word' id='word_1_181' title='bbox 739 2659 964 2718; x_wconf 84' lang='lat' dir='ltr'>Tibrini</span> <span class='ocrx_word' id='word_1_182' title='bbox 1009 2660 1207 2719; x_wconf 87' lang='lat' dir='ltr'>decies</span> <span class='ocrx_word' id='word_1_183' title='bbox 1252 2660 1315 2718; x_wconf 91' lang='lat' dir='ltr'>in</span> <span class='ocrx_word' id='word_1_184' title='bbox 1360 2679 1534 2719; x_wconf 87' lang='lat' dir='ltr'>amne</span> <span class='ocrx_word' id='word_1_185' title='bbox 1578 2662 1767 2719; x_wconf 83' lang='lat' dir='ltr'>lotum</span> 
     </span>
    </p>

    <p class='ocr_par' dir='ltr' id='par_1_8' title="bbox 381 2747 2062 3164">
     <span class='ocr_line' id='line_1_26' title="bbox 381 2747 1859 2822; baseline 0 -15"><span class='ocrx_word' id='word_1_186' title='bbox 381 2758 435 2800; x_wconf 85' lang='lat'>25</span> <span class='ocrx_word' id='word_1_187' title='bbox 738 2747 817 2807; x_wconf 84' lang='lat' dir='ltr'>Et</span> <span class='ocrx_word' id='word_1_188' title='bbox 858 2748 1042 2807; x_wconf 90' lang='lat' dir='ltr'>Minci</span> <span class='ocrx_word' id='word_1_189' title='bbox 1088 2749 1285 2808; x_wconf 89' lang='lat' dir='ltr'>decies</span> <span class='ocrx_word' id='word_1_190' title='bbox 1330 2749 1393 2807; x_wconf 86' lang='lat' dir='ltr'>in</span> <span class='ocrx_word' id='word_1_191' title='bbox 1439 2768 1610 2809; x_wconf 83' lang='lat' dir='ltr'>amne</span> <span class='ocrx_word' id='word_1_192' title='bbox 1654 2750 1859 2822; x_wconf 87' lang='lat' dir='ltr'>lotum,</span> 
     </span>
     <span class='ocr_line' id='line_1_27' title="bbox 736 2836 2062 2913; baseline 0.001 -18"><span class='ocrx_word' id='word_1_193' title='bbox 736 2836 968 2913; x_wconf 87' lang='lat' dir='ltr'>Ecquid</span> <span class='ocrx_word' id='word_1_194' title='bbox 1016 2838 1325 2913; x_wconf 77' lang='lat' dir='ltr'>spreveriS,</span> <span class='ocrx_word' id='word_1_195' title='bbox 1371 2857 1422 2912; x_wconf 88' lang='lat' dir='ltr'>a,</span> <span class='ocrx_word' id='word_1_196' title='bbox 1469 2856 1672 2901; x_wconf 89' lang='lat' dir='ltr'>senem</span> <span class='ocrx_word' id='word_1_197' title='bbox 1721 2837 2062 2913; x_wconf 82' lang='lat' dir='ltr'>Gyraldum,</span> 
     </span>
     <span class='ocr_line' id='line_1_28' title="bbox 738 2924 1904 3003; baseline 0.002 -20"><span class='ocrx_word' id='word_1_198' title='bbox 738 2924 853 2999; x_wconf 81' lang='lat' dir='ltr'>Qui</span> <span class='ocrx_word' id='word_1_199' title='bbox 897 2926 1079 2985; x_wconf 87' lang='lat' dir='ltr'>mittit</span> <span class='ocrx_word' id='word_1_200' title='bbox 1121 2927 1230 2985; x_wconf 91' lang='lat' dir='ltr'>tibi</span> <span class='ocrx_word' id='word_1_201' title='bbox 1274 2926 1590 3003; x_wconf 84' lang='lat' dir='ltr'>plurimam</span> <span class='ocrx_word' id='word_1_202' title='bbox 1638 2927 1904 3000; x_wconf 83' lang='lat' dir='ltr'>salutem,</span> 
     </span>
     <span class='ocr_line' id='line_1_29' title="bbox 736 3014 1769 3091; baseline 0.002 -18"><span class='ocrx_word' id='word_1_203' title='bbox 736 3014 1000 3074; x_wconf 86' lang='lat' dir='ltr'>Incultae</span> <span class='ocrx_word' id='word_1_204' title='bbox 1044 3014 1297 3091; x_wconf 82' lang='lat' dir='ltr'>pedibus</span> <span class='ocrx_word' id='word_1_205' title='bbox 1344 3034 1484 3074; x_wconf 84' lang='lat' dir='ltr'>suae</span> <span class='ocrx_word' id='word_1_206' title='bbox 1530 3015 1769 3075; x_wconf 84' lang='lat' dir='ltr'>Thaliae</span> 
     </span>
     <span class='ocr_line' id='line_1_30' title="bbox 739 3103 1800 3164; baseline 0.003 -3"><span class='ocrx_word' id='word_1_207' title='bbox 739 3103 1050 3163; x_wconf 73' lang='lat' dir='ltr'>Confectus</span> <span class='ocrx_word' id='word_1_208' title='bbox 1096 3103 1273 3163; x_wconf 89' lang='lat' dir='ltr'>nimis</span> <span class='ocrx_word' id='word_1_209' title='bbox 1318 3110 1554 3163; x_wconf 88' lang='lat' dir='ltr'>artuum</span> <span class='ocrx_word' id='word_1_210' title='bbox 1601 3106 1800 3164; x_wconf 92' lang='lat' dir='ltr'>dolore</span> 
     </span>
    </p>

    <p class='ocr_par' dir='ltr' id='par_1_9' title="bbox 380 3192 1885 3269">
     <span class='ocr_line' id='line_1_31' title="bbox 380 3192 1885 3269; baseline 0.001 -18"><span class='ocrx_word' id='word_1_211' title='bbox 380 3204 433 3244; x_wconf 87' lang='lat'>30</span> <span class='ocrx_word' id='word_1_212' title='bbox 734 3192 813 3251; x_wconf 81' lang='lat' dir='ltr'>Et</span> <span class='ocrx_word' id='word_1_213' title='bbox 858 3210 1141 3269; x_wconf 87' lang='lat' dir='ltr'>compage</span> <span class='ocrx_word' id='word_1_214' title='bbox 1184 3193 1365 3253; x_wconf 83' lang='lat' dir='ltr'>miser</span> <span class='ocrx_word' id='word_1_215' title='bbox 1411 3194 1640 3252; x_wconf 86' lang='lat' dir='ltr'>solutus</span> <span class='ocrx_word' id='word_1_216' title='bbox 1687 3194 1844 3253; x_wconf 89' lang='lat' dir='ltr'>omni</span> <span class='ocrx_word' id='word_1_217' title='bbox 1857 3195 1885 3252; x_wconf 82' lang='lat'>?</span> 
     </span>
    </p>

    <p class='ocr_par' dir='ltr' id='par_1_10' title="bbox 734 3281 2098 3447">
     <span class='ocr_line' id='line_1_32' title="bbox 738 3281 2098 3359; baseline 0.001 -19"><span class='ocrx_word' id='word_1_218' title='bbox 738 3281 855 3340; x_wconf 87' lang='lat' dir='ltr'>Sed</span> <span class='ocrx_word' id='word_1_219' title='bbox 900 3300 1018 3341; x_wconf 89' lang='lat' dir='ltr'>non</span> <span class='ocrx_word' id='word_1_220' title='bbox 1062 3282 1374 3358; x_wconf 84' lang='lat' dir='ltr'>spreveris,</span> <span class='ocrx_word' id='word_1_221' title='bbox 1422 3288 1490 3341; x_wconf 88' lang='lat' dir='ltr'>ut</span> <span class='ocrx_word' id='word_1_222' title='bbox 1532 3288 1692 3359; x_wconf 81' lang='lat' dir='ltr'>pute,</span> <span class='ocrx_word' id='word_1_223' title='bbox 1737 3282 2098 3341; x_wconf 90' lang='lat' dir='ltr'>imbecillem</span> 
     </span>
     <span class='ocr_line' id='line_1_33' title="bbox 734 3370 2080 3447; baseline 0 -18"><span class='ocrx_word' id='word_1_224' title='bbox 734 3370 864 3430; x_wconf 89' lang='lat' dir='ltr'>Nec</span> <span class='ocrx_word' id='word_1_225' title='bbox 910 3389 1059 3447; x_wconf 83' lang='lat' dir='ltr'>quae</span> <span class='ocrx_word' id='word_1_226' title='bbox 1105 3377 1166 3430; x_wconf 88' lang='lat' dir='ltr'>te</span> <span class='ocrx_word' id='word_1_227' title='bbox 1211 3390 1344 3429; x_wconf 88' lang='lat' dir='ltr'>mea</span> <span class='ocrx_word' id='word_1_228' title='bbox 1387 3377 1509 3429; x_wconf 81' lang='lat' dir='ltr'>tam</span> <span class='ocrx_word' id='word_1_229' title='bbox 1553 3371 1744 3431; x_wconf 90' lang='lat' dir='ltr'>libens</span> <span class='ocrx_word' id='word_1_230' title='bbox 1792 3371 2080 3431; x_wconf 85' lang='lat' dir='ltr'>Camoena</span> 
     </span>
    </p>
   </div>
   <div class='ocr_carea' id='block_1_3' title="bbox 361 3458 1911 3711">
    <p class='ocr_par' dir='ltr' id='par_1_11' title="bbox 361 3458 1911 3711">
     <span class='ocr_line' id='line_1_34' title="bbox 382 3458 1799 3535; baseline -0.004 -13"><span class='ocrx_word' id='word_1_231' title='bbox 382 3468 471 3522; x_wconf 80' lang='grc'><strong>[93]</strong></span> <span class='ocrx_word' id='word_1_232' title='bbox 736 3458 911 3518; x_wconf 90' lang='lat' dir='ltr'>Nunc</span> <span class='ocrx_word' id='word_1_233' title='bbox 956 3460 1113 3533; x_wconf 89' lang='lat' dir='ltr'>visit,</span> <span class='ocrx_word' id='word_1_234' title='bbox 1156 3466 1329 3535; x_wconf 86' lang='lat' dir='ltr'>pater</span> <span class='ocrx_word' id='word_1_235' title='bbox 1374 3460 1799 3535; x_wconf 85' lang='lat' dir='ltr'>elegantiarum</span> 
     </span>
     <span class='ocr_line' id='line_1_35' title="bbox 740 3547 1784 3625; baseline 0.002 -20"><span class='ocrx_word' id='word_1_236' title='bbox 740 3547 887 3606; x_wconf 87' lang='lat' dir='ltr'>Cum</span> <span class='ocrx_word' id='word_1_237' title='bbox 936 3548 1019 3606; x_wconf 88' lang='lat' dir='ltr'>sis</span> <span class='ocrx_word' id='word_1_238' title='bbox 1065 3554 1125 3607; x_wconf 85' lang='lat' dir='ltr'>et</span> <span class='ocrx_word' id='word_1_239' title='bbox 1168 3555 1335 3625; x_wconf 79' lang='lat' dir='ltr'>pater</span> <span class='ocrx_word' id='word_1_240' title='bbox 1380 3548 1784 3621; x_wconf 84' lang='lat' dir='ltr'>eruditiorum,</span> 
     </span>
     <span class='ocr_line' id='line_1_36' title="bbox 361 3636 1911 3711; baseline -0.001 -15"><span class='ocrx_word' id='word_1_241' title='bbox 361 3648 431 3689; x_wconf 92' lang='grc'><strong>35</strong></span> <span class='ocrx_word' id='word_1_242' title='bbox 738 3636 1091 3711; x_wconf 84' lang='lat' dir='ltr'>Robortelle,</span> <span class='ocrx_word' id='word_1_243' title='bbox 1140 3637 1324 3697; x_wconf 90' lang='lat' dir='ltr'>decus</span> <span class='ocrx_word' id='word_1_244' title='bbox 1370 3656 1582 3697; x_wconf 83' lang='lat' dir='ltr'>novem</span> <span class='ocrx_word' id='word_1_245' title='bbox 1630 3655 1911 3696; x_wconf 90' lang='lat' dir='ltr'>sororum.</span> 
     </span>
    </p>
   </div>
   <div class='ocr_carea' id='block_1_4' title="bbox 488 3740 1978 3797">
    <p class='ocr_par' dir='ltr' id='par_1_12' title="bbox 488 3740 1978 3797">
     <span class='ocr_line' id='line_1_37' title="bbox 488 3740 1978 3797; baseline 0.001 -1"><span class='ocrx_word' id='word_1_246' title='bbox 488 3754 589 3796; x_wconf 83' lang='lat' dir='ltr'>Lat.</span> <span class='ocrx_word' id='word_1_247' title='bbox 621 3754 1051 3797; x_wconf 84' lang='lat' dir='ltr'>Litteraturdenkm.</span> <span class='ocrx_word' id='word_1_248' title='bbox 1083 3757 1149 3797; x_wconf 86' lang='lat'>10.</span> <span class='ocrx_word' id='word_1_249' title='bbox 1946 3740 1978 3791; x_wconf 84' lang='grc'>6</span> 
     </span>
    </p>
   </div>
  </div>
 </body>
</html>
