2796 4185
1007 423 1328 478 GYRAans,
1375 423 1449 462 nn
1494 423 1706 463 POETIS.
2242 406 2272 461 1
2286 407 2316 462 7

491 601 851 658 honestatus
925 599 1176 658 Exstant
1220 599 1525 675 utriusque
1570 599 1713 658 varii
1760 599 1990 674 generis
2034 596 2323 675 epigram-

494 695 650 747 mata
695 694 755 748 et
798 689 1034 748 Marulli
1075 693 1372 764 praeterea
1410 688 1702 746 naturales
1748 688 1969 762 hymni,
2015 688 2077 745 in
2113 687 2325 764 quibus

491 778 660 836 illum
732 796 808 836 ex
882 776 1082 835 multis
1155 777 1354 834 audivi
1426 777 1688 835 adiutum
1760 796 1796 834 a
1862 776 2003 835 Pico
2088 783 2323 853 patru03

493 867 657 926 vobis
702 867 800 925 hic
844 866 1041 924 audita
1086 871 1314 924 tantum
1357 866 1561 924 refero.
1636 866 1729 924 Ex
1776 866 1869 924 his
1898 872 2054 924 certe
2085 866 2323 940 hymnis

431 983 456 1008 ›
495 956 778 1032 quosdam
823 955 968 1013 adeo
1015 954 1107 1013 sui
1153 960 1439 1013 amatores
1474 960 1679 1012 nactus
1708 960 1813 1026 est,
1862 960 1927 1012 ut
1954 973 2090 1012 eum
2118 955 2326 1013 ceteris

493 1047 603 1103 hac
646 1045 920 1103 facultate
964 1049 1258 1119 praestare
1303 1043 1483 1118 vulgo
1510 1043 1861 1118 praedicent.
1936 1043 2061 1118 Ego
2090 1043 2326 1120 quidem

493 1153 526 1192 a
592 1133 754 1192 Zoilo
819 1133 1084 1210 (proprio
1157 1132 1313 1190 enim
1377 1132 1609 1191 nomine
1682 1150 1796 1191 non
1859 1133 2151 1209 appello),
2226 1133 2327 1209 (1111

493 1223 807 1281 Marullum
891 1222 1108 1297 ubique
1189 1222 1401 1280 habere
1475 1221 1669 1280 nescio
1742 1221 1883 1298 quid
1957 1221 2327 1296 graecanicae

492 1311 748 1370 levitatis
792 1309 1089 1370 existimat
1150 1316 1209 1368 et
1254 1327 1384 1368 esse
1431 1310 1685 1386 plurima
1724 1310 1881 1386 apud
1918 1310 2131 1386 ipsum,
2178 1329 2327 1387 quae

409 1415 460 1453 10
497 1400 702 1458 tollere
765 1400 983 1475 1108818,
1044 1399 1188 1456 adeo
1253 1399 1558 1472 dissentiO,
1624 1405 1690 1458 ut
1754 1418 1869 1458 non
1926 1400 2073 1457 nihil
2131 1405 2327 1458 tamen

495 1489 864 1564 adrogantiae
927 1487 1266 1546 adscribam.
1345 1487 1438 1546 Ex
1483 1489 1969 1562 institutionibus,
2018 1506 2165 1564 quas
2229 1489 2328 1547 ille

497 1577 846 1653 principales
869 1576 1187 1652 inscripsit,
1233 1578 1591 1652 imperfectis
1618 1578 1801 1636 nihilo
1828 1575 2017 1652 magis
2044 1582 2325 1653 praestat3

500 1667 700 1724 videas
746 1672 940 1724 tamen
985 1666 1198 1724 alicubi
1225 1664 1392 1724 illum
1419 1666 1768 1726 excelluisse
1796 1672 1869 1740 et,
1899 1685 2074 1742 quem
2101 1667 2331 1724 volebat

499 1756 794 1830 effingere,
822 1755 1154 1813 Lucretium
1204 1756 1374 1830 plane
1405 1757 1638 1814 referre.
1704 1755 1813 1812 Vir
1855 1756 2113 1831 profecto
2139 1755 2329 1830 indig-

412 1858 460 1898 15
500 1862 628 1916 11118,
676 1844 778 1919 (1111
823 1843 923 1902 tali
964 1844 1165 1902 mortis
1201 1861 1416 1919 genere
1460 1845 1706 1920 periret:
1754 1844 1923 1920 aquis
1968 1845 2124 1902 enim
2154 1844 2330 1902 Tusci

496 1933 756 1991 fluminis
786 1931 1031 1991 Cecinae
1079 1935 1392 1992 suffocatus
1440 1940 1545 2007 est,
1594 1938 1660 1991 111
1708 1951 1813 1992 8110
1852 1933 2105 1992 carmine
2135 1940 2330 1992 noster

499 2027 747 2080 testatus
811 2028 902 2080 est
966 2021 1346 2081 Thebaldeus
1439 2022 1533 2080 Ex
1598 2022 1802 2080 eadem
1864 2021 2158 2081 academia
2220 2022 2332 2080 fuit

498 2111 734 2170 Gabriel
754 2111 1010 2183 Altflius,
1057 2112 1224 2170 cuius
1267 2112 1407 2171 licet
1451 2130 1636 2188 pauca
1676 2112 1931 2187 legerim.
1982 2112 2055 2170 In
2083 2112 2331 2188 nuptiali

499 2208 696 2259 tamen
743 2201 995 2259 carmine
1050 2201 1110 2258 in
1154 2200 1468 2260 Isabellam
1513 2202 1881 2277 Aragoniam,
1932 2202 2089 2276 regis
2134 2202 2331 2275 filiam,

411 2303 464 2343 20
503 2290 710 2347 miram
772 2290 946 2348 habet
1007 2295 1066 2347 et
1130 2290 1485 2365 singularem
1548 2308 1685 2349 cum
1756 2291 2137 2349 eruditionem
2203 2297 2332 2348 tum

498 2378 855 2453 facundiam3
917 2378 1258 2437 adfectatior
1315 2386 1510 2438 tamen
1571 2380 1630 2437 in
1688 2380 2037 2455 quibusdam
2083 2379 2329 2437 videtur.

497 2468 800 2526 Pontificia
859 2468 956 2525 hic
1015 2468 1296 2542 dignitate
1355 2469 1511 2543 apud
1557 2469 2035 2543 Polycastrenses
2091 2473 2330 2526 ornatus

393 2577 398 2586 ·
499 2556 766 2615 decessit.
849 2556 1062 2614 Petrus
1109 2556 1362 2617 Gravina
1408 2576 1542 2616 cum
1588 2558 1833 2616 Pontani
1880 2557 2082 2616 amicis
2128 2575 2331 2615 nume-

499 2652 675 2719 ratur,
733 2646 834 2721 qui
881 2645 1113 2704 Siculus
1169 2647 1282 2705 fuit
1336 2652 1394 2705 et
1455 2647 1512 2703 in
1562 2646 1694 2705 aula
1738 2665 1948 2721 regum
1992 2647 2331 2720 Aragonum

413 2748 466 2788 25
503 2733 748 2811 Neapoli
795 2734 1122 2793 diversatus
1168 2736 1354 2795 multa
1389 2742 1658 2810 poemata
1685 2736 2048 2811 conscripsit,
2082 2752 2331 2811 quorum

498 2831 557 2883 et
602 2823 788 2881 multa
833 2824 1122 2899 leguntur.
1197 2824 1310 2883 Hic
1355 2831 1416 2883 et
1461 2825 1719 2899 corporis
1766 2824 1928 2882 cultu
1976 2842 2120 2882 usus
2145 2822 2331 2882 ‚nitido

411 2924 501 2978 122]
577 2919 635 2971 et
662 2912 932 2987 eleganti,
965 2913 1173 2971 validis
1219 2921 1280 2971 et
1323 2914 1659 2972 exercitatis
1691 2914 1969 2971 membris
1998 2929 2185 2989 usque
2212 2912 2286 2970 ad
2320 2906 2327 2995 Ι

497 3002 850 3078 decrepitam
867 3007 1224 3060 senectutem
1239 3022 1251 3077 3
1275 3003 1711 3079 septuagesimo
1731 3008 1937 3078 quarto
1953 3002 2109 3059 enim
2126 3001 2332 3059 aetatis

499 3108 638 3149 suae
682 3108 832 3149 anno
879 3091 1142 3149 decessit.
1217 3090 1326 3149 Est
1370 3096 1430 3150 et
1474 3092 1667 3150 adhuc
1711 3090 2107 3165 Hieronymus
2147 3088 2331 3148 Carbo

409 3193 463 3232 ao
503 3198 578 3237 ex
607 3164 811 3237 ea'dem
855 3180 1148 3239 academia
1194 3179 1405 3256 nobilis
1450 3180 1895 3256 NeapolitanUS,
1942 3180 2111 3238 cuius
2156 3178 2333 3237 etiam

499 3268 748 3327 viventis
812 3287 997 3345 pauca
1059 3269 1352 3344 leguntur.
1445 3269 1609 3327 Alios
1673 3269 1982 3345 plerosque
2042 3269 2152 3326 hoc
2206 3268 2332 3324 loco

499 3358 690 3430 mitto,
757 3357 857 3433 qui
934 3363 994 3415 et
1050 3375 1183 3416 cum
1248 3358 1513 3417 Pontano
1573 3358 1775 3416 vixere
1838 3357 2078 3433 eiusque
2141 3355 2333 3413 adhuc

498 3447 838 3505 memoriam
880 3446 1200 3523 posteritati
1247 3447 1691 3505 commendant.’

633 3536 794 3594 Haec
847 3553 956 3611 ego
1016 3554 1150 3594 cum
1209 3536 1495 3594 dixissem
1554 3536 1911 3611 paulumque
1969 3532 2334 3607 respirarem,

409 3638 462 3678 35
501 3624 573 3684 ‘N
575 3624 855 3701 umquid’,
899 3625 1090 3701 inquit
1134 3624 1347 3698 Iulius,
1395 3625 1512 3701 ‘qui
1551 3630 1685 3682 ante
1712 3624 2040 3681 Pontanum
2068 3622 2331 3693 floruere,

517 3743 617 3785 Lat.
647 3743 1078 3809 Litteraturdenkm.
1109 3744 1176 3785 10.
1976 3722 2008 3773 2
