2796 4185
1010 399 1332 451 GYRAans,
1377 400 1451 440 DE
1498 399 1713 440 ponne.
2280 384 2317 442 3

483 580 632 636 tunc
683 575 1144 650 celebrabantur,
1203 577 1356 636 inter
1400 593 1508 636 nos
1552 595 1743 652 agere.
1821 576 2003 636 Cuius
2056 576 2320 636 inlustris

491 664 720 739 puellae
737 683 898 724 raras
917 665 1091 724 animi
1120 672 1180 726 et
1197 665 1455 741 corporis
1472 666 1642 726 dotes
1664 684 1783 726 non
1810 666 2043 726 brevius
2070 683 2321 726 comme-

492 771 720 832 morare¹
755 756 980 829 possim
1015 773 1192 831 quam
1229 755 1323 816 his
1355 755 1875 829 hendecasyllabis
1914 773 2059 831 quos
2094 755 2157 814 in
2194 755 2321 814 eius

490 841 853 916 imaginema
865 842 1144 918 Carpensi
1163 849 1359 902 nostro
1373 843 1595 919 pictore
1614 843 2007 920 superioribus
2024 843 2321 903 mensibus

306 994 318 998 ⁹
419 941 454 982 5
491 930 782 1006 depictam
801 949 1254 1007 composueram.
1281 933 1358 992 Et
1375 932 1556 992 simul
1566 932 1665 998 hic
1680 933 1845 992 vobis
1864 950 1965 992 eos
1984 934 2319 994 recensebo:

721 1020 987 1080 Estensis
1033 1026 1210 1098 quota
1253 1039 1391 1099 pars
1438 1021 1663 1082 decoris
1708 1023 1913 1083 Annae

721 1109 884 1168 Haec
925 1113 1052 1168 est?
1109 1109 1267 1170 Nam
1287 1110 1567 1186 ‚reliquas
1612 1109 1963 1184 nitentiores,

723 1196 900 1270 Queis
945 1203 1156 1258 natura
1198 1199 1343 1258 nihil
1385 1199 1623 1258 iuvatur
1664 1205 1806 1273 arte,
1851 1211 1857 1216 ·

721 1287 968 1348 Pictoris
1012 1305 1222 1348 manus
1267 1288 1427 1346 haud
1469 1293 1665 1364 potest
1706 1290 1937 1362 referre.

403 1388 456 1428 ιο
722 1376 922 1452 Ipsam
969 1377 1020 1435 si
1065 1377 1281 1451 videas,
1325 1377 1562 1452 putabis
1604 1395 1797 1451 unam,

723 1463 1025 1541 Quidquid,
1061 1465 1324 1524 Pierides
1369 1484 1581 1524 novem
1626 1484 1871 1544 sorores,

724 1552 1020 1630 Quidquid
1064 1560 1186 1614 tres
1233 1555 1497 1614 Charites
1543 1555 1719 1614 simul
1763 1560 1959 1615 tenere

397 1652 472 1705 16]
730 1641 808 1700 Et
849 1643 1045 1704 Pallas
1091 1643 1218 1710 sine
1262 1641 1549 1718 Gorgonis
1594 1643 1863 1704 colubris.

725 1729 916 1803 Quare
960 1732 1104 1790 haec
1146 1732 1370 1792 tantula
1415 1750 1552 1809 pars
1596 1733 1799 1792 nitoris
1843 1734 2063 1806 Annae,

398 1830 456 1870 15
725 1818 886 1892 Quae
931 1821 1092 1896 carpi
1137 1822 1324 1896 potuit
1368 1839 1561 1896 manu,
1606 1822 1824 1898 reponi.

493 1907 754 1968 Vixdum
799 1909 908 1968 hos
941 1927 1146 1970 versus
1183 1910 1465 1984 finieram,
1491 1929 1627 1968 cum
1652 1911 1887 1970 Riccius
1916 1911 2091 1985 ‘Ista',
2118 1902 2321 1988 inquit,

493 1995 700 2071 ‘imago
759 1997 1002 2073 poeticis
1055 1998 1148 2065 sic,
1196 1999 1352 2075 picta
1406 1999 1695 2058 coloribus
1748 2000 2030 2060 clarescet
2076 1999 2322 2059 saeculis

491 2085 1010 2152 innumerabilibus
1077 2107 1185 2147 nec
1247 2088 1401 2147 carie
1462 2088 1655 2149 ullove
1715 2089 1832 2149 situ
1884 2089 2321 2165 corrumpetur!

491 2176 668 2235 Plura
733 2176 957 2238 dicturo
1029 2178 1228 2237 Riccio
1302 2196 1631 2237 sermonem
1692 2196 1801 2253 ego
1862 2178 1975 2239 alio
2046 2179 2321 2253 converti,

390 2277 454 2319 20
489 2284 627 2325 cum
695 2283 830 2325 ecce
895 2266 1244 2327 Franciscus
1315 2267 1529 2326 Portus
1603 2266 1863 2327 Graecus
1933 2271 1993 2326 et
2055 2268 2321 2335 Andreas

491 2353 862 2413 Gruntherus
935 2353 1293 2429 Gentianus,
1364 2356 1537 2415 ambo
1609 2355 1759 2413 inter
1842 2355 2191 2415 domesticos
2264 2362 2323 2415 et

406 2498 410 2503 .
489 2443 804 2503 familiares
821 2444 1080 2505 Renatae
1107 2450 1337 2505 nostme
1363 2444 1647 2521 principis
1674 2444 2085 2518 connumerati,
2114 2463 2321 2520 oppor-

490 2538 629 2591 tune
675 2533 1038 2593 advenerunt
1081 2538 1140 2591 et
1167 2533 1324 2609 prior
1351 2532 1590 2609 quidem
1618 2530 1879 2591 Graecus
1922 2533 2142 2609 inquit:
2210 2534 2321 2591 ‘An

487 2620 642 2679 inter
685 2640 792 2679 vos
829 2627 1051 2683 secreto
1079 2621 1511 2697 loquebamini?
1575 2620 1819 2681 Vestros
1844 2622 2001 2682 enim
2028 2639 2322 2681 sermones

391 2721 454 2761 25
489 2709 911 2787 interrumpere
974 2710 1296 2769 nollemus.’
1385 2710 1514 2785 Ego
1575 2728 1714 2772 vero
1772 2716 1833 2769 et
1918 2710 2018 2786 qui
2056 2728 2323 2776 *mecum

489 2798 729 2860 aderant
809 2798 1194 2860 Antimachus
1257 2804 1316 2857 et
1373 2798 1647 2859 Riccius:
1722 2798 1927 2857 ‘Immo
1998 2805 2323 2875 opportune

490 2886 734 2962 adestis3
795 2888 870 2945 de
923 2886 1144 2963 nuptiis
1197 2888 1353 2945 enim
1408 2889 1613 2946 Annae
1660 2887 1945 2965 ¹principis
1989 2890 2322 2964 agebamuS,

491 2993 640 3051 quae
707 2982 870 3035 tanto
937 2994 1184 3052 pompae
1255 2981 1540 3052 apparatu
1600 2976 1978 3039 celebrantur
2060 2982 2119 3037 et
2188 2988 2320 3037 cum

490 3064 770 3123 nobilium
824 3065 1102 3125 iuvenum
1161 3064 1296 3123 belli
1357 3064 1667 3125 simulacro
1722 3064 2040 3143 Troiaeque
2096 3066 2321 3125 ludicro

392 3165 455 3205 30
490 3171 559 3219 ac
613 3150 947 3230 πυῤῥίχοις
1001 3160 1076 3228 et,
1133 3155 1292 3231 quod
1335 3154 1591 3213 maxime
1635 3154 1851 3215 mirum
1895 3161 2003 3227 est,
2060 3155 2321 3214 scaenico

490 3248 794 3318 apparatu,
847 3263 964 3320 quo
1019 3249 1160 3307 acta,
1205 3249 1298 3305 est
1354 3244 1551 3303 fabula
1604 3250 1808 3321 poetae
1852 3244 2036 3305 nostri
2083 3243 2320 3318 cynthii

492 3329 736 3405 Gyraldi
760 3332 1232 3406 Antivallumeni,
1279 3350 1431 3410 quae
1465 3350 1661 3409 ,paene
1703 3332 1766 3391 in
1793 3333 2151 3408 tragoediam
2186 3350 2321 3397 con-

491 3438 660 3479 versa
713 3427 806 3481 est
847 3440 926 3481 ex
973 3422 1236 3484 subsellii
1279 3422 1585 3487 cuiusdam
1613 3421 1835 3487 ruina),
1882 3421 2033 3489 Tum
2062 3419 2321 3479 Graecus

491 3509 601 3568 ait:
664 3510 811 3569 ‘Has
860 3512 1063 3576 Annae
1107 3511 1346 3587 nuptias
1397 3510 1717 3584 mittamus,
1764 3529 1920 3577 nam,
1944 3508 2133 3573 omnis
2178 3509 2322 3568 haec

392 3610 453 3651 35
492 3598 696 3661 civitas
768 3605 889 3659 tam
951 3600 1258 3660 inlustrem
1299 3590 1699 3676 'ornatamque
1767 3599 2018 3675 puellam
2084 3598 2322 3658 minime

1938 3698 2000 3753 1*
