2796 4185
404 981 431 1022 5

993 436 1321 492 emmvs,
1364 437 1440 477 m:
1483 437 1696 478 Porrus.
2221 419 2300 478 79

468 614 577 672 hac
622 619 821 674 tenera
863 619 1053 674 aetate
1097 614 1171 672 de
1217 632 1281 673 se
1310 614 1605 690 specimen
1649 613 1952 686 dederunt,
1999 619 2065 672 ut
2110 614 2303 673 omnia

467 702 543 760 de
568 702 713 779 ipsis
740 704 889 762 bona
917 721 1118 762 omnes
1144 703 1263 762 iam
1290 703 1590 779 coeperint
1617 702 1910 781 sperare.’]
2000 703 2079 761 Et
2125 703 2301 762 simul

468 791 581 850 hoc
640 792 799 851 dicto
860 792 1097 851 Riccius
1156 792 1231 850 de
1287 792 1476 868 poetis
1541 809 1868 850 sermonem
1927 791 2299 851 continuavit.

469 879 598 940 ‘Hic
624 898 732 957 per
758 881 899 954 vos’,
929 881 1137 958 inquit,
1182 881 1343 938 ‘mihi
1369 881 1542 940 liceat
1569 881 1643 940 de
1671 879 2032 956 Hieronymo
2059 881 2301 940 Phaleto

466 969 763 1046 aliquanto
828 969 1116 1029 sublatius
1179 987 1337 1029 nunc
1401 970 1622 1043 dicere,
1697 969 1865 1028 cuius
1929 970 2181 1028 amicitia
2243 975 2302 1028 et

464 1058 779 1117 cottidiana
840 1076 1021 1136 prope
1080 1058 1501 1118 consuetudine
1545 1063 1692 1118 utor.
1779 1059 1844 1118 Is
1901 1059 2058 1117 enim
2116 1058 2302 1135 patria

468 1147 777 1207 Saonensis
822 1165 899 1206 ex
926 1147 1171 1223 Liguria
1199 1147 1377 1207 nobili
1422 1136 1550 1207 loco
1596 1153 1786 1222 natus,
1833 1148 2102 1207 diversas
2146 1148 2302 1206 orbis

466 1242 661 1312 partes
716 1236 945 1296 circuiit
988 1237 1063 1295 ad
1108 1238 1501 1314 capessendas
1551 1238 1729 1296 bonas
1779 1243 1938 1296 artes
1981 1243 2042 1296 et
2084 1236 2302 1312 ingenii

378 1336 469 1390 [90]
528 1325 781 1398 cultum,
828 1344 1031 1402 quem,
1078 1332 1145 1385 ut
1192 1326 1380 1400 aiunt,
1443 1325 1804 1386 innumerato
1846 1323 1854 1406 Ι
1894 1327 2083 1385 habet.
2148 1325 2300 1384 Nam

379 1427 433 1467 10

380 1870 432 1910 15

375 2315 429 2356 20

373 3204 428 3245 30

370 3648 424 3689 35

468 1420 533 1473 ut
587 1415 816 1473 mittam
870 1415 1015 1472 iuris
1068 1420 1128 1473 et
1181 1415 1381 1490 legum
1436 1414 1727 1491 peritiam,
1789 1433 1906 1491 qua
1957 1416 2030 1474 ab
2077 1414 2300 1473 Alciato

465 1509 525 1561 et
552 1503 770 1562 Catone
814 1509 907 1562 est
949 1503 1283 1581 insignitus,
1330 1509 1391 1562 et
1436 1521 1642 1562 versus
1669 1521 1903 1580 quoque
1931 1501 2190 1576 Latinos,
2237 1508 2302 1561 ut

466 1592 593 1650 eius
620 1591 817 1664 libelli,
865 1592 966 1668 qui
1010 1591 1124 1650 iam
1154 1592 1298 1650 editi
1343 1597 1497 1666 sunt,
1545 1592 1874 1665 ostendunt,
1920 1598 1980 1651 et
2017 1592 2300 1651 Etruscos

466 1680 808 1739 vernaculos
836 1681 1137 1739 commode
1166 1682 1397 1758 pangit3
1443 1699 1554 1740 nec
1597 1697 1734 1739 eum
1761 1680 2027 1740 destituit
2055 1686 2302 1757 utraque

468 1769 659 1828 soluta
703 1769 909 1844 orati0,
966 1775 1033 1828 ut
1076 1770 1205 1828 eius
1249 1787 1406 1828 nunc
1449 1775 1672 1829 ceteras
1717 1769 1897 1828 animi
1940 1775 2001 1828 et
2045 1770 2300 1846 corporis

468 1858 635 1916 dotes
662 1864 1038 1934 praeteream.
1128 1857 1353 1932 Quibus
1384 1859 1458 1917 de
1488 1859 1664 1918 rebus
1681 1858 1982 1932 HerculeS,
2028 1859 2300 1935 princeps

466 1953 665 2006 noster
708 1947 1201 2024 sapientissimuS,
1246 1965 1383 2006 eum
1428 1965 1578 2006 anno
1625 1947 1921 2024 superiore
1965 1946 2117 2006 inter
2163 1965 2300 2006 suos

466 2041 738 2111 oratores,
786 2053 934 2114 quos
962 2037 1077 2097 huc
1104 2036 1247 2097 illuc
1290 2037 1366 2096 ad
1394 2037 1662 2097 diversos
1689 2037 1978 2096 maximos
2006 2035 2300 2114 principes

464 2126 735 2201 destinat,
782 2126 1233 2186 connumeravit.
1324 2126 1458 2186 Scio
1503 2144 1628 2202 ege,
1675 2132 1962 2204 quantum
2003 2127 2106 2185 ille
2149 2128 2300 2187 absit

462 2215 537 2273 ab
582 2233 667 2289 eo,
714 2216 872 2292 quod
917 2215 1158 2293 quidam
1200 2216 1289 2275 illi
1334 2216 1464 2275 eius
1489 2232 1770 2275 successu
1799 2216 1982 2274 invidi
2013 2216 2296 2293 obiciunt3

466 2304 570 2363 sed
627 2310 975 2381 rumpantur
1032 2304 1253 2363 licebit:
1312 2304 1414 2363 ille
1469 2304 1533 2362 in
1591 2305 1718 2364 dies
1773 2304 1963 2381 magis
2017 2306 2296 2382 proficiet.

463 2392 671 2469 Neque
724 2411 863 2452 vero
907 2393 1188 2453 Phaletus
1242 2393 1471 2470 primus
1523 2394 1588 2451 in
1643 2412 1748 2453 sua
1792 2394 2011 2453 familia
2065 2394 2138 2453 iis
2183 2395 2299 2453 vir-

463 2482 689 2541 tutibus
742 2488 1007 2541 ornatus:
1067 2488 1294 2559 patrem
1348 2482 1552 2541 habuit
1607 2482 1936 2542 Gnidonem
1989 2483 2299 2543 Phaletum

463 2577 524 2630 et
581 2576 815 2647 poetam
880 2576 941 2630 et
1008 2576 1319 2645 oratorem,
1382 2572 1554 2631 cuius
1621 2572 1932 2649 utriusque
1996 2573 2298 2632 facundiae
2343 2614 2348 2617 -

464 2664 840 2718 monumenta
866 2660 995 2737 ipse
1023 2660 1273 2736 perlegi;
1320 2661 1429 2719 sed
1473 2666 1534 2719 et
1571 2668 1758 2720 mater
1784 2662 1944 2720 illius
1972 2660 2297 2721 litterarum

400 2760 427 2801 5
463 2766 580 2807 non
624 2748 737 2807 fuit
779 2748 997 2824 ignara.
1096 2749 1288 2809 Habet
1332 2755 1393 2807 et
1436 2750 1701 2823 fratrem,
1758 2750 1859 2827 qui
1903 2770 1938 2808 a
1983 2752 2296 2810 maioribus

463 2855 581 2895 non
625 2837 963 2913 degenerat,
1020 2838 1229 2897 habuit
1282 2856 1514 2915 quoque
1559 2857 1735 2897 avum
1779 2848 2134 2914 maternum,
2195 2842 2297 2917 qui

463 2926 721 3002 perbelle
752 2926 1018 2985 eruditus
1048 2927 1176 3001 fuit,
1222 2927 1596 2985 Dominicum
1625 2928 1862 2986 Nanum
1889 2928 2294 3003 Mirabellium,

463 3014 565 3091 qui
610 3015 777 3090 elego
804 3015 1059 3075 carmine
1086 3016 1367 3075 nonnulla
1407 3017 1657 3092 scripsit,
1704 3017 1922 3093 elegias
1969 3018 2192 3078 scilicet
2237 3026 2297 3077 et

462 3103 906 3179 epigrammata,
964 3104 1098 3163 stilo
1152 3122 1337 3181 paene
1382 3106 1541 3164 omni
1588 3104 1895 3183 Ovidian03
1957 3106 2194 3184 reliquit
2238 3116 2296 3166 et

464 3210 613 3269 opus
640 3192 788 3251 illud
815 3193 1167 3252 laboriosum
1211 3212 1289 3252 ex
1314 3195 1472 3253 omni
1499 3194 1711 3253 florum
1756 3213 1967 3270 genero
2011 3214 2088 3255 ex
2117 3197 2295 3273 scrip·

460 3281 683 3340 toribus
712 3282 1145 3356 concinnatum,
1178 3283 1335 3359 quod
1360 3302 1395 3341 a
1423 3302 1486 3366 re
1514 3283 1937 3358 Polyantheam
1964 3286 2293 3361 appellavit.

460 3370 673 3429 Fuerat
725 3376 785 3429 et
838 3370 931 3429 his
976 3371 1281 3431 addendus
1328 3372 1379 3431 si
1424 3390 1540 3431 non
1585 3373 2031 3449 praeponendus
2087 3375 2291 3432 horum

460 3459 685 3533 collega
712 3459 961 3519 Iacobus
989 3460 1269 3534 Actiolus,
1318 3462 1370 3519 si
1415 3480 1532 3521 non
1578 3468 1700 3520 tam
1745 3480 1957 3538 parcus
2002 3480 2072 3519 ac
2115 3468 2294 3521 tenax

463 3565 701 3605 suorum
748 3548 1071 3607 carminum
1115 3555 1289 3608 esset.
1359 3550 1476 3609 Sed
1533 3551 1606 3609 de
1652 3551 1779 3609 eius
1835 3556 1998 3626 patre
2053 3560 2114 3609 et
2158 3552 2292 3625 filio,

464 3643 558 3710 tu,
617 3636 759 3710 Lili,
805 3637 1036 3713 planius
1098 3638 1288 3713 priore
1345 3639 1574 3715 dialogo
1628 3649 1689 3698 et
1745 3645 1848 3698 tuo
1908 3639 2162 3699 carmine
2219 3641 2294 3699 ad
