2796 4185
459 918 489 960 5

436 1363 489 1404 10

436 1808 487 1848 15

430 3144 487 3184 30

430 3588 485 3628 35

1050 369 1375 429 cummim,
1422 375 1496 413 m:
1543 374 1754 414 ponus,
2275 358 2358 416 43

526 551 782 610 maximo
828 557 1033 626 poetas
1080 551 1243 609 urbis
1289 569 1494 609 omnes
1539 553 1614 610 ad
1672 551 1946 610 lacrimas
1993 553 2360 628 compulerit.

528 639 687 698 Celsi
716 635 919 698 Melini
946 641 1127 699 frater
1166 641 1381 698 Petrus
1412 641 1582 716 vivit3
1630 640 1734 716 qui
1780 640 1830 699 si
1877 659 1996 698 non
2037 641 2100 698 in
2146 642 2361 700 ceteris

526 735 779 805 quantus
825 731 1007 788 frater
1052 735 1160 802 est,
1206 734 1275 788 at·
1310 729 1372 786 in
1419 729 1648 805 poetica
1684 747 1798 788 non
1838 729 2095 788 inferior.
2151 730 2361 788 Miram

526 836 759 894 quoque
820 835 961 894 prae
1019 837 1084 877 se
1143 820 1261 876 fert
1303 818 1602 877 Romanae
1649 819 2016 894 eloquentiae
2063 825 2124 877 et
2169 819 2361 894 gravi-

526 907 663 965 tatis
722 907 983 966 indolem
1028 903 1295 984 Baptista
1340 907 1534 982 Sanga
1550 953 1563 980 ,
1625 907 1794 966 cuius
1854 914 2152 983 poemata,
2209 927 2360 983 quae

523 996 828 1071 legimtur,
874 1004 942 1056 ut
988 997 1179 1070 scitiS,
1240 1003 1301 1055 et
1353 997 1670 1055 laudantur
1723 1002 1786 1055 et
1839 996 2046 1072 digna,
2102 1003 2170 1055 ut
2225 1016 2360 1055 cum

525 1080 693 1143 bonis
740 1087 1140 1161 conferantur3
1188 1086 1496 1160 ingenium
1540 1086 1679 1144 huic
1724 1092 1792 1144 ut
1827 1087 2163 1144 modestum
2189 1086 2272 1144 ita
2301 1093 2360 1146 et

524 1175 599 1231 ad
674 1175 789 1233 alia
864 1175 1157 1233 idoneum.
1265 1175 1384 1234 Sed
1445 1181 1506 1233 et
1563 1175 1722 1232 hunc
1787 1192 1894 1233 sua
1964 1181 2150 1250 agunt
2213 1177 2358 1248 fata,

524 1281 636 1321 nec
731 1264 831 1332 de,
886 1283 955 1322 eo
1028 1265 1163 1323 ideo
1254 1264 1420 1322 vobis
1498 1265 1696 1339 plura,
1802 1264 2034 1340 quando
2123 1265 2358 1341 utrique

527 1359 791 1410 vestrum
838 1360 899 1412 et
944 1349 1287 1411 notissimus
1334 1359 1395 1410 et
1441 1353 1796 1410 carissimus,
1869 1353 1979 1412 Est
2022 1360 2082 1412 et
2108 1354 2359 1412 Ioannes

524 1441 736 1499 Vitalis
764 1441 1212 1500 Panormitanus
1240 1443 1385 1499 urbe
1413 1442 1674 1500 Romana
1697 1442 1962 1514 donatus,
1990 1443 2358 1516 adulescenS,

525 1530 625 1604 qui
672 1531 723 1588 si
736 1576 749 1603 ⁷
796 1537 863 1590 ut
921 1549 1078 1589 nunc
1138 1531 1301 1604 facit,
1358 1530 1632 1588 continue
1687 1531 1838 1589 hanc
1891 1530 2166 1589 incudem
2225 1550 2359 1589 con-

524 1619 759 1693 tuderit,
806 1621 1058 1678 multum
1103 1619 1163 1677 in
1204 1615 1436 1695 poetica
1478 1620 1756 1678 facultate
1803 1621 2130 1696 profecerit.
2208 1621 2361 1679 Nam

524 1726 660 1765 cum
720 1709 1023 1783 ingeniosa
1089 1715 1217 1766 tuln
1277 1708 1538 1766 difficilia
1595 1727 1806 1782 magna
1875 1727 2010 1766 cum
2080 1709 2358 1768 facilitate

524 1797 821 1872 exprimit,
871 1804 936 1855 ut
981 1798 1055 1856 de
1104 1797 1474 1856 sanctissima
1510 1797 1770 1856 trinitate
1798 1799 2068 1872 hymnOS,
2113 1805 2175 1856 et
2211 1817 2358 1874 quos

524 1886 701 1944 habet
744 1887 805 1943 in
850 1905 1092 1959 manuS,
1153 1887 1213 1944 in
1274 1887 1510 1944 nuntios
1567 1892 1628 1944 et
1671 1886 1974 1945 ministros
2019 1887 2132 1944 Dei
2149 1932 2162 1959 ‚
2211 1906 2358 1962 quos

525 1973 751 2034 Graeca
810 1994 955 2034 voce
1016 1975 1320 2034 christiani
1384 1971 1689 2050 ἀγγέλους
1746 1994 2042 2034 vocamus,
2143 1976 2359 2034 Petrus

524 2063 783 2138 Curtius⁷
846 2070 907 2123 et
964 2065 1093 2141 ipse
1154 2083 1232 2123 ex
1292 2065 1536 2138 Marsis,
1599 2065 1744 2123 urbe
1788 2065 2050 2124 Romana
2109 2065 2358 2124 donatus

524 2154 813 2229 quaedam
857 2155 918 2211 in
964 2155 1094 2213 dies
1140 2154 1424 2213 audacter
1476 2154 1665 2229 magis
1711 2174 1888 2230 quam
1934 2161 2136 2230 parate
2193 2155 2358 2212 moli-

525 2249 647 2318 tur3
697 2243 798 2301 vix
832 2244 1189 2319 sperandum
1218 2250 1311 2301 est
1356 2262 1494 2301 eum
1539 2249 1731 2302 aetate
1779 2250 1839 2302 et
1884 2245 2168 2301 bonorum
2215 2244 2358 2301 ami-

524 2349 727 2389 corum
774 2332 1197 2391 consuetudine
1244 2332 1641 2391 maturitatem
1702 2340 2174 2391 consecuturum.
2251 2332 2359 2391 Est

524 2420 701 2478 etiam
747 2422 895 2479 urbe
939 2421 1190 2479 donatus
1238 2428 1297 2479 et
1344 2422 1492 2479 civis
1537 2423 1728 2480 factus
1764 2422 2064 2479 Romanus
2092 2421 2358 2479 Francis-

524 2527 630 2566 cus
650 2509 960 2569 Centelles
992 2510 1245 2583 Siculus,
1293 2510 1393 2585 qui
1436 2516 1746 2587 utramque
1776 2510 2019 2569 Latinae
2050 2511 2362 2568 facundiae

523 2598 677 2657 viam
734 2599 1035 2657 animosus
1088 2600 1435 2675 aggreditur
1481 2606 1540 2658 et
1586 2600 1700 2658 iam
1762 2600 2042 2657 nonnulla
2101 2599 2357 2675 protulit,

463 2700 482 2707 ·
524 2698 614 2752 [51¹.
654 2706 821 2763 quae,
852 2688 961 2747 etsi
991 2706 1133 2758 non·
1174 2687 1182 2767 Ι
1224 2688 1367 2745 dum
1401 2706 1469 2747 eo
1501 2689 1862 2764 pervenisse,
1894 2707 2010 2763 quo
2042 2688 2356 2761 contendit,

522 2778 858 2851 ostendunt,
918 2778 1170 2836 multum
1202 2783 1429 2835 ‘tamen
1487 2778 1550 2835 in
1595 2778 1804 2836 alienis
1864 2777 2034 2836 illum
2087 2778 2357 2852 vestigiis

520 2866 849 2924 insistendo
896 2883 1073 2942 posse
1134 2866 1414 2942 consequi
1474 2867 1647 2943 plane
1707 2866 2022 2925 declarant.
2061 2884 2064 2891 ·
2117 2865 2236 2924 Sed
2283 2866 2357 2924 de

522 2955 759 3013 urbanis
806 2956 923 3013 iam
970 2956 1129 3013 satis,
1194 2956 1289 3013 Ad
1337 2961 1616 3015 externos
1663 2974 1758 3015 me
1806 2962 2098 3013 converto,
2169 2956 2358 3014 Bene-

522 3044 719 3103 dictus
750 3043 967 3103 Portus
1014 3050 1075 3102 et
1118 3044 1385 3120 Baptista
1413 3045 1561 3104 Fera
1592 3051 1652 3103 et
1682 3044 2042 3103 Benedictus
2075 3044 2358 3103 The-riam

523 3133 825 3191 Mantuani
884 3151 1089 3191 omnes
1146 3134 1207 3190 in
1266 3152 1375 3191 sua
1434 3134 1684 3210 quisque
1739 3134 2017 3192 facultate
2063 3151 2356 3191 commen-

522 3222 753 3280 datione
814 3222 1010 3298 digni3
1072 3240 1267 3297 neque
1328 3222 1485 3281 enim
1545 3230 1782 3281 cessant
1837 3222 2060 3297 aliquid
2116 3222 2356 3280 cottidie

522 3306 954 3369 immortalitate
1010 3311 1257 3385 dignum
1302 3312 1538 3370 cudere.
1630 3311 1913 3370 Theriaca
1972 3311 2209 3387 quidem
2254 3310 2356 3369 ali-

522 3405 665 3475 quot
724 3399 867 3457 milu·
928 3400 1105 3458 libros
1166 3400 1425 3458 ostendit
1482 3400 1558 3458 ad
1603 3400 1813 3458 Picum
1872 3401 2039 3474 elego
2099 3400 2355 3457 carmine

522 3489 893 3564 compositos7
954 3489 1014 3547 in
1075 3482 1289 3564 quibus
1348 3489 1798 3547 astronomicam
1857 3489 2196 3546 facultatem
2253 3506 2355 3546 ex-

515 3577 806 3664 sequitur.
875 3578 1022 3636 Fera
1058 3596 1199 3635 vero
1236 3577 1520 3653 pleraque
1568 3577 1752 3635 edidit
1799 3578 1948 3634 dura
1983 3594 2095 3634 nec
2124 3582 2357 3652 compta
