<?xml version="1.0" encoding="UTF-8"?>
<!DOCTYPE html PUBLIC "-//W3C//DTD XHTML 1.0 Transitional//EN"
    "http://www.w3.org/TR/xhtml1/DTD/xhtml1-transitional.dtd">
<html xmlns="http://www.w3.org/1999/xhtml" xml:lang="en" lang="en">
 <head>
  <title>
</title>
<meta http-equiv="Content-Type" content="text/html;charset=utf-8" />
  <meta name='ocr-system' content='tesseract 3.04.00' />
  <meta name='ocr-capabilities' content='ocr_page ocr_carea ocr_par ocr_line ocrx_word'/>
</head>
<body>
  <div class='ocr_page' id='page_1' title='image "./lilivsgregorivs00unkngoog/lilivsgregorivs00unkngoog_0100.png"; bbox 0 0 2796 4185; ppageno 0'>
   <div class='ocr_carea' id='block_1_1' title="bbox 508 429 1808 505">
    <p class='ocr_par' dir='ltr' id='par_1_1' title="bbox 508 429 1808 505">
     <span class='ocr_line' id='line_1_1' title="bbox 508 429 1808 505; baseline 0.002 -17"><span class='ocrx_word' id='word_1_1' title='bbox 508 429 587 489; x_wconf 89' lang='grc'>70</span> <span class='ocrx_word' id='word_1_2' title='bbox 1104 448 1431 505; x_wconf 67' lang='lat' dir='ltr'>cmvs,</span> <span class='ocrx_word' id='word_1_3' title='bbox 1475 449 1550 489; x_wconf 69' lang='lat' dir='ltr'>mv:</span> <span class='ocrx_word' id='word_1_4' title='bbox 1594 449 1808 491; x_wconf 77' lang='lat' dir='ltr'>roms.</span> 
     </span>
    </p>
   </div>
   <div class='ocr_carea' id='block_1_2' title="bbox 495 608 2432 3714">
    <p class='ocr_par' dir='ltr' id='par_1_2' title="bbox 495 608 2432 3714">
     <span class='ocr_line' id='line_1_2' title="bbox 590 608 2432 685; baseline 0.001 -18"><span class='ocrx_word' id='word_1_5' title='bbox 590 625 727 667; x_wconf 87' lang='lat' dir='ltr'>cum</span> <span class='ocrx_word' id='word_1_6' title='bbox 744 608 948 684; x_wconf 79' lang='lat' dir='ltr'>paucis</span> <span class='ocrx_word' id='word_1_7' title='bbox 966 626 1171 685; x_wconf 84' lang='lat' dir='ltr'>sapere</span> <span class='ocrx_word' id='word_1_8' title='bbox 1188 608 1400 668; x_wconf 89' lang='lat' dir='ltr'>melius</span> <span class='ocrx_word' id='word_1_9' title='bbox 1419 609 1498 668; x_wconf 86' lang='lat' dir='ltr'>sit</span> <span class='ocrx_word' id='word_1_10' title='bbox 1513 615 1575 668; x_wconf 92' lang='lat' dir='ltr'>et</span> <span class='ocrx_word' id='word_1_11' title='bbox 1591 627 1729 668; x_wconf 90' lang='lat' dir='ltr'>cum</span> <span class='ocrx_word' id='word_1_12' title='bbox 1747 609 1952 668; x_wconf 89' lang='lat' dir='ltr'>multis</span> <span class='ocrx_word' id='word_1_13' title='bbox 1968 609 2201 670; x_wconf 66' lang='lat' dir='ltr'>vivere!</span> <span class='ocrx_word' id='word_1_14' title='bbox 2262 608 2432 668; x_wconf 86' lang='lat' dir='ltr'>Tunc</span> 
     </span>
     <span class='ocr_line' id='line_1_3' title="bbox 591 697 2426 774; baseline 0.001 -19"><span class='ocrx_word' id='word_1_15' title='bbox 591 715 793 761; x_wconf 85' lang='lat' dir='ltr'>omnes</span> <span class='ocrx_word' id='word_1_16' title='bbox 820 697 1029 756; x_wconf 84' lang='lat' dir='ltr'>simul:</span> <span class='ocrx_word' id='word_1_17' title='bbox 1076 698 1275 757; x_wconf 77' lang='lat' dir='ltr'>‘Recte</span> <span class='ocrx_word' id='word_1_18' title='bbox 1298 704 1365 756; x_wconf 90' lang='lat' dir='ltr'>tu</span> <span class='ocrx_word' id='word_1_19' title='bbox 1405 697 1680 774; x_wconf 86' lang='lat' dir='ltr'>quidem&#39;,</span> <span class='ocrx_word' id='word_1_20' title='bbox 1739 698 1960 771; x_wconf 81' lang='lat' dir='ltr'>dixere,</span> <span class='ocrx_word' id='word_1_21' title='bbox 2006 698 2272 770; x_wconf 80' lang='lat' dir='ltr'>‘Andrea,</span> <span class='ocrx_word' id='word_1_22' title='bbox 2319 698 2426 757; x_wconf 87' lang='lat' dir='ltr'>sed</span> 
     </span>
     <span class='ocr_line' id='line_1_4' title="bbox 592 785 2431 864; baseline 0.001 -20"><span class='ocrx_word' id='word_1_23' title='bbox 592 791 653 844; x_wconf 88' lang='lat' dir='ltr'>et</span> <span class='ocrx_word' id='word_1_24' title='bbox 711 791 779 845; x_wconf 90' lang='lat' dir='ltr'>tu</span> <span class='ocrx_word' id='word_1_25' title='bbox 838 786 912 844; x_wconf 88' lang='lat' dir='ltr'>de</span> <span class='ocrx_word' id='word_1_26' title='bbox 966 785 1101 845; x_wconf 80' lang='lat' dir='ltr'>illis,</span> <span class='ocrx_word' id='word_1_27' title='bbox 1189 786 1448 846; x_wconf 80' lang='lat' dir='ltr'>Proinde</span> <span class='ocrx_word' id='word_1_28' title='bbox 1501 805 1746 863; x_wconf 82' lang='lat' dir='ltr'>sequere</span> <span class='ocrx_word' id='word_1_29' title='bbox 1797 787 1872 846; x_wconf 91' lang='lat' dir='ltr'>de</span> <span class='ocrx_word' id='word_1_30' title='bbox 1928 786 2168 864; x_wconf 72' lang='lat' dir='ltr'>poefisl’</span> <span class='ocrx_word' id='word_1_31' title='bbox 2259 787 2431 846; x_wconf 82' lang='lat' dir='ltr'>Tunc</span> 
     </span>
     <span class='ocr_line' id='line_1_5' title="bbox 590 871 2428 952; baseline 0 -18"><span class='ocrx_word' id='word_1_32' title='bbox 590 871 863 934; x_wconf 84' lang='lat' dir='ltr'>Andreas</span> <span class='ocrx_word' id='word_1_33' title='bbox 898 875 1083 949; x_wconf 86' lang='lat' dir='ltr'>‘Fuit&#39;‚</span> <span class='ocrx_word' id='word_1_34' title='bbox 1130 875 1337 952; x_wconf 86' lang='lat' dir='ltr'>inquit,</span> <span class='ocrx_word' id='word_1_35' title='bbox 1378 878 1455 934; x_wconf 84' lang='lat' dir='ltr'>‘et</span> <span class='ocrx_word' id='word_1_36' title='bbox 1481 875 1732 936; x_wconf 88' lang='lat' dir='ltr'>Ioannes</span> <span class='ocrx_word' id='word_1_37' title='bbox 1759 875 2068 936; x_wconf 78' lang='lat' dir='ltr'>Secundus</span> <span class='ocrx_word' id='word_1_38' title='bbox 2093 875 2428 950; x_wconf 82' lang='lat' dir='ltr'>Hagiensis,</span> 
     </span>
     <span class='ocr_line' id='line_1_6' title="bbox 526 963 2430 1040; baseline 0.003 -21"><span class='ocrx_word' id='word_1_39' title='bbox 526 976 554 1018; x_wconf 83' lang='lat'>5</span> <span class='ocrx_word' id='word_1_40' title='bbox 590 963 759 1023; x_wconf 87' lang='lat' dir='ltr'>cuius</span> <span class='ocrx_word' id='word_1_41' title='bbox 810 969 1043 1024; x_wconf 84' lang='lat' dir='ltr'>exstant</span> <span class='ocrx_word' id='word_1_42' title='bbox 1096 964 1296 1038; x_wconf 86' lang='lat' dir='ltr'>Basia,</span> <span class='ocrx_word' id='word_1_43' title='bbox 1356 982 1510 1040; x_wconf 82' lang='lat' dir='ltr'>quae</span> <span class='ocrx_word' id='word_1_44' title='bbox 1552 965 1626 1024; x_wconf 83' lang='lat' dir='ltr'>ab</span> <span class='ocrx_word' id='word_1_45' title='bbox 1679 965 1952 1024; x_wconf 87' lang='lat' dir='ltr'>omnibus</span> <span class='ocrx_word' id='word_1_46' title='bbox 2003 965 2088 1024; x_wconf 83' lang='lat' dir='ltr'>ita</span> <span class='ocrx_word' id='word_1_47' title='bbox 2127 965 2430 1040; x_wconf 85' lang='lat' dir='ltr'>leguntur,</span> 
     </span>
     <span class='ocr_line' id='line_1_7' title="bbox 590 1052 2432 1130; baseline 0.001 -20"><span class='ocrx_word' id='word_1_48' title='bbox 590 1057 659 1111; x_wconf 91' lang='lat' dir='ltr'>ut</span> <span class='ocrx_word' id='word_1_49' title='bbox 724 1052 903 1112; x_wconf 87' lang='lat' dir='ltr'>basiis</span> <span class='ocrx_word' id='word_1_50' title='bbox 964 1053 1137 1112; x_wconf 83' lang='lat' dir='ltr'>adfici</span> <span class='ocrx_word' id='word_1_51' title='bbox 1192 1053 1532 1126; x_wconf 85' lang='lat' dir='ltr'>videantur,</span> <span class='ocrx_word' id='word_1_52' title='bbox 1599 1053 1664 1112; x_wconf 88' lang='lat' dir='ltr'>in</span> <span class='ocrx_word' id='word_1_53' title='bbox 1723 1071 1872 1130; x_wconf 78' lang='lat' dir='ltr'>quae</span> <span class='ocrx_word' id='word_1_54' title='bbox 1939 1053 2108 1114; x_wconf 82' lang='lat' dir='ltr'>Basia</span> <span class='ocrx_word' id='word_1_55' title='bbox 2159 1053 2432 1116; x_wconf 83' lang='lat' dir='ltr'>Alciatus</span> 
     </span>
     <span class='ocr_line' id='line_1_8' title="bbox 588 1141 2428 1218; baseline 0 -18"><span class='ocrx_word' id='word_1_56' title='bbox 588 1141 887 1214; x_wconf 73' lang='lat' dir='ltr'>eleganter</span> <span class='ocrx_word' id='word_1_57' title='bbox 928 1142 1185 1202; x_wconf 77' lang='lat' dir='ltr'>oerminc</span> <span class='ocrx_word' id='word_1_58' title='bbox 1238 1142 1412 1216; x_wconf 80' lang='lat' dir='ltr'>lusit3</span> <span class='ocrx_word' id='word_1_59' title='bbox 1473 1142 1711 1218; x_wconf 80' lang='lat' dir='ltr'>scripsit</span> <span class='ocrx_word' id='word_1_60' title='bbox 1763 1148 2064 1218; x_wconf 74' lang='lat' dir='ltr'>praeterea</span> <span class='ocrx_word' id='word_1_61' title='bbox 2105 1142 2428 1217; x_wconf 78' lang='lat' dir='ltr'>elegiarum</span> 
     </span>
     <span class='ocr_line' id='line_1_9' title="bbox 588 1230 2430 1307; baseline 0.001 -19"><span class='ocrx_word' id='word_1_62' title='bbox 588 1230 769 1289; x_wconf 89' lang='lat' dir='ltr'>libros</span> <span class='ocrx_word' id='word_1_63' title='bbox 832 1237 971 1305; x_wconf 74' lang='lat' dir='ltr'>tres,</span> <span class='ocrx_word' id='word_1_64' title='bbox 1034 1232 1307 1290; x_wconf 85' lang='lat' dir='ltr'>funerum</span> <span class='ocrx_word' id='word_1_65' title='bbox 1366 1249 1568 1300; x_wconf 83' lang='lat' dir='ltr'>unum,</span> <span class='ocrx_word' id='word_1_66' title='bbox 1625 1232 2060 1307; x_wconf 66' lang='lat' dir='ltr'>epigrammata,</span> <span class='ocrx_word' id='word_1_67' title='bbox 2099 1231 2430 1307; x_wconf 75' lang='lat' dir='ltr'>epistulae,</span> 
     </span>
     <span class='ocr_line' id='line_1_10' title="bbox 590 1319 2430 1397; baseline 0.001 -20"><span class='ocrx_word' id='word_1_68' title='bbox 590 1319 749 1393; x_wconf 82' lang='lat' dir='ltr'>odas,</span> <span class='ocrx_word' id='word_1_69' title='bbox 795 1319 989 1380; x_wconf 86' lang='lat' dir='ltr'>silvas.</span> <span class='ocrx_word' id='word_1_70' title='bbox 1078 1319 1272 1379; x_wconf 82' lang='lat' dir='ltr'>Audio</span> <span class='ocrx_word' id='word_1_71' title='bbox 1314 1327 1377 1380; x_wconf 89' lang='lat' dir='ltr'>et</span> <span class='ocrx_word' id='word_1_72' title='bbox 1421 1321 1580 1380; x_wconf 86' lang='lat' dir='ltr'>hunc</span> <span class='ocrx_word' id='word_1_73' title='bbox 1623 1321 1932 1397; x_wconf 83' lang='lat' dir='ltr'>scripsisse</span> <span class='ocrx_word' id='word_1_74' title='bbox 1971 1319 2090 1379; x_wconf 79' lang='lat' dir='ltr'>alia</span> <span class='ocrx_word' id='word_1_75' title='bbox 2129 1320 2430 1394; x_wconf 82' lang='lat' dir='ltr'>nonnulla,</span> 
     </span>
     <span class='ocr_line' id='line_1_11' title="bbox 503 1409 2432 1486; baseline 0 -18"><span class='ocrx_word' id='word_1_76' title='bbox 503 1420 554 1462; x_wconf 85' lang='lat'>10</span> <span class='ocrx_word' id='word_1_77' title='bbox 590 1426 740 1484; x_wconf 87' lang='lat' dir='ltr'>quae</span> <span class='ocrx_word' id='word_1_78' title='bbox 792 1427 862 1468; x_wconf 87' lang='lat' dir='ltr'>ea</span> <span class='ocrx_word' id='word_1_79' title='bbox 922 1409 1143 1468; x_wconf 86' lang='lat' dir='ltr'>ratione</span> <span class='ocrx_word' id='word_1_80' title='bbox 1198 1427 1317 1468; x_wconf 90' lang='lat' dir='ltr'>non</span> <span class='ocrx_word' id='word_1_81' title='bbox 1372 1415 1513 1468; x_wconf 88' lang='lat' dir='ltr'>sunt</span> <span class='ocrx_word' id='word_1_82' title='bbox 1569 1409 1741 1482; x_wconf 80' lang='lat' dir='ltr'>edita,</span> <span class='ocrx_word' id='word_1_83' title='bbox 1801 1409 1956 1486; x_wconf 91' lang='lat' dir='ltr'>quod</span> <span class='ocrx_word' id='word_1_84' title='bbox 2013 1409 2078 1468; x_wconf 92' lang='lat' dir='ltr'>in</span> <span class='ocrx_word' id='word_1_85' title='bbox 2132 1409 2432 1485; x_wconf 87' lang='lat' dir='ltr'>principes</span> 
     </span>
     <span class='ocr_line' id='line_1_12' title="bbox 592 1497 2428 1573; baseline 0.001 -18"><span class='ocrx_word' id='word_1_86' title='bbox 592 1497 877 1573; x_wconf 85' lang='lat' dir='ltr'>quosdam</span> <span class='ocrx_word' id='word_1_87' title='bbox 902 1497 1168 1558; x_wconf 82' lang='lat' dir='ltr'>acerbius</span> <span class='ocrx_word' id='word_1_88' title='bbox 1196 1498 1349 1558; x_wconf 82' lang='lat' dir='ltr'>dicta</span> <span class='ocrx_word' id='word_1_89' title='bbox 1376 1498 1731 1558; x_wconf 87' lang='lat' dir='ltr'>viderentur.</span> <span class='ocrx_word' id='word_1_90' title='bbox 1811 1498 2033 1558; x_wconf 85' lang='lat' dir='ltr'>Habuit</span> <span class='ocrx_word' id='word_1_91' title='bbox 2059 1497 2156 1557; x_wconf 89' lang='lat' dir='ltr'>hic</span> <span class='ocrx_word' id='word_1_92' title='bbox 2183 1504 2244 1557; x_wconf 87' lang='lat' dir='ltr'>et</span> <span class='ocrx_word' id='word_1_93' title='bbox 2275 1497 2428 1557; x_wconf 90' lang='lat' dir='ltr'>duos</span> 
     </span>
     <span class='ocr_line' id='line_1_13' title="bbox 589 1585 2430 1664; baseline 0.001 -20"><span class='ocrx_word' id='word_1_94' title='bbox 589 1585 735 1644; x_wconf 87' lang='lat' dir='ltr'>alios</span> <span class='ocrx_word' id='word_1_95' title='bbox 758 1587 985 1661; x_wconf 53' lang='grc' dir='ltr'>ἑταῖρε,</span> <span class='ocrx_word' id='word_1_96' title='bbox 1032 1587 1135 1664; x_wconf 88' lang='lat' dir='ltr'>qui</span> <span class='ocrx_word' id='word_1_97' title='bbox 1161 1605 1276 1646; x_wconf 89' lang='lat' dir='ltr'>non</span> <span class='ocrx_word' id='word_1_98' title='bbox 1304 1592 1444 1646; x_wconf 84' lang='lat' dir='ltr'>sunt</span> <span class='ocrx_word' id='word_1_99' title='bbox 1487 1606 1523 1645; x_wconf 87' lang='lat' dir='ltr'>a</span> <span class='ocrx_word' id='word_1_100' title='bbox 1547 1587 1740 1646; x_wconf 84' lang='lat' dir='ltr'>Musis</span> <span class='ocrx_word' id='word_1_101' title='bbox 1773 1587 1964 1660; x_wconf 79' lang='lat' dir='ltr'>alieni,</span> <span class='ocrx_word' id='word_1_102' title='bbox 2009 1586 2154 1646; x_wconf 86' lang='lat' dir='ltr'>iuris</span> <span class='ocrx_word' id='word_1_103' title='bbox 2183 1587 2430 1646; x_wconf 86' lang='lat' dir='ltr'>scientia.</span> 
     </span>
     <span class='ocr_line' id='line_1_14' title="bbox 590 1674 2428 1752; baseline 0.001 -19"><span class='ocrx_word' id='word_1_104' title='bbox 590 1674 868 1751; x_wconf 73' lang='lat' dir='ltr'>insigneS,</span> <span class='ocrx_word' id='word_1_105' title='bbox 896 1677 1165 1752; x_wconf 82' lang='lat' dir='ltr'>quamvis</span> <span class='ocrx_word' id='word_1_106' title='bbox 1192 1682 1253 1735; x_wconf 91' lang='lat' dir='ltr'>et</span> <span class='ocrx_word' id='word_1_107' title='bbox 1274 1675 1540 1735; x_wconf 84' lang='lat' dir='ltr'>Caesaris</span> <span class='ocrx_word' id='word_1_108' title='bbox 1567 1676 1800 1751; x_wconf 84' lang='lat' dir='ltr'>negotia.</span> <span class='ocrx_word' id='word_1_109' title='bbox 1823 1676 1981 1752; x_wconf 87' lang='lat' dir='ltr'>apud</span> <span class='ocrx_word' id='word_1_110' title='bbox 2000 1675 2214 1752; x_wconf 82' lang='lat' dir='ltr'>Belgas</span> <span class='ocrx_word' id='word_1_111' title='bbox 2229 1681 2428 1751; x_wconf 81' lang='lat' dir='ltr'><strong>agant.</strong></span> 
     </span>
     <span class='ocr_line' id='line_1_15' title="bbox 589 1763 2426 1841; baseline -0.001 -18"><span class='ocrx_word' id='word_1_112' title='bbox 589 1763 769 1824; x_wconf 85' lang='lat' dir='ltr'>Periit</span> <span class='ocrx_word' id='word_1_113' title='bbox 794 1764 1041 1826; x_wconf 87' lang='lat' dir='ltr'>Ioannes</span> <span class='ocrx_word' id='word_1_114' title='bbox 1076 1765 1140 1823; x_wconf 90' lang='lat' dir='ltr'>in</span> <span class='ocrx_word' id='word_1_115' title='bbox 1166 1783 1307 1824; x_wconf 85' lang='lat' dir='ltr'>suae</span> <span class='ocrx_word' id='word_1_116' title='bbox 1334 1765 1540 1824; x_wconf 65' lang='lat' dir='ltr'>aetatis</span> <span class='ocrx_word' id='word_1_117' title='bbox 1565 1765 1740 1841; x_wconf 82' lang='lat' dir='ltr'>flore3</span> <span class='ocrx_word' id='word_1_118' title='bbox 1787 1765 1977 1824; x_wconf 87' lang='lat' dir='ltr'>XXV.</span> <span class='ocrx_word' id='word_1_119' title='bbox 2021 1765 2178 1824; x_wconf 88' lang='lat' dir='ltr'>enim</span> <span class='ocrx_word' id='word_1_120' title='bbox 2205 1783 2426 1824; x_wconf 87' lang='lat' dir='ltr'>annum</span> 
     </span>
     <span class='ocr_line' id='line_1_16' title="bbox 500 1853 2428 1931; baseline 0.003 -25"><span class='ocrx_word' id='word_1_121' title='bbox 500 1865 553 1908; x_wconf 86' lang='lat'>15</span> <span class='ocrx_word' id='word_1_122' title='bbox 588 1871 706 1912; x_wconf 89' lang='lat' dir='ltr'>non</span> <span class='ocrx_word' id='word_1_123' title='bbox 756 1855 1029 1914; x_wconf 82' lang='lat' dir='ltr'>excessit.</span> <span class='ocrx_word' id='word_1_124' title='bbox 1110 1854 1199 1914; x_wconf 90' lang='lat' dir='ltr'>De</span> <span class='ocrx_word' id='word_1_125' title='bbox 1271 1871 1387 1930; x_wconf 90' lang='lat' dir='ltr'>quo</span> <span class='ocrx_word' id='word_1_126' title='bbox 1451 1854 1504 1912; x_wconf 90' lang='lat' dir='ltr'>si</span> <span class='ocrx_word' id='word_1_127' title='bbox 1574 1854 1746 1930; x_wconf 86' lang='lat' dir='ltr'>plura</span> <span class='ocrx_word' id='word_1_128' title='bbox 1809 1854 2118 1931; x_wconf 86' lang='lat' dir='ltr'>quaeritis,</span> <span class='ocrx_word' id='word_1_129' title='bbox 2183 1853 2428 1929; x_wconf 81' lang='lat' dir='ltr'>legitote</span> 
     </span>
     <span class='ocr_line' id='line_1_17' title="bbox 588 1942 2428 2020; baseline -0.001 -18"><span class='ocrx_word' id='word_1_130' title='bbox 588 1942 931 2018; x_wconf 84' lang='lat' dir='ltr'>epicedium,</span> <span class='ocrx_word' id='word_1_131' title='bbox 978 1943 1133 2020; x_wconf 87' lang='lat' dir='ltr'>quod</span> <span class='ocrx_word' id='word_1_132' title='bbox 1178 1943 1241 2002; x_wconf 88' lang='lat' dir='ltr'>in</span> <span class='ocrx_word' id='word_1_133' title='bbox 1286 1943 1414 2003; x_wconf 89' lang='lat' dir='ltr'>eius</span> <span class='ocrx_word' id='word_1_134' title='bbox 1449 1944 1656 2003; x_wconf 81' lang='lat' dir='ltr'>funere</span> <span class='ocrx_word' id='word_1_135' title='bbox 1683 1943 1976 2002; x_wconf 86' lang='lat' dir='ltr'>Adrianus</span> <span class='ocrx_word' id='word_1_136' title='bbox 2011 1943 2250 2016; x_wconf 79' lang='lat' dir='ltr'>MariuS,</span> <span class='ocrx_word' id='word_1_137' title='bbox 2293 1942 2428 2002; x_wconf 90' lang='lat' dir='ltr'>eius</span> 
     </span>
     <span class='ocr_line' id='line_1_18' title="bbox 500 2029 2427 2113; baseline 0.002 -27"><span class='ocrx_word' id='word_1_138' title='bbox 500 2041 593 2097; x_wconf 81' lang='lat' dir='ltr'>[si]</span> <span class='ocrx_word' id='word_1_139' title='bbox 654 2031 850 2106; x_wconf 79' lang='lat' dir='ltr'>frater,</span> <span class='ocrx_word' id='word_1_140' title='bbox 888 2033 1231 2110; x_wconf 82' lang='lat' dir='ltr'>composuit.</span> <span class='ocrx_word' id='word_1_141' title='bbox 1296 2031 1606 2109; x_wconf 86' lang='lat' dir='ltr'>Leguntur</span> <span class='ocrx_word' id='word_1_142' title='bbox 1647 2038 1708 2092; x_wconf 88' lang='lat' dir='ltr'>et</span> <span class='ocrx_word' id='word_1_143' title='bbox 1752 2032 1882 2092; x_wconf 90' lang='lat' dir='ltr'>eius</span> <span class='ocrx_word' id='word_1_144' title='bbox 1923 2033 2038 2092; x_wconf 87' lang='lat' dir='ltr'>alia</span> <span class='ocrx_word' id='word_1_145' title='bbox 2077 2029 2086 2113; x_wconf 91' lang='grc' dir='ltr'>Ι</span> <span class='ocrx_word' id='word_1_146' title='bbox 2127 2031 2427 2110; x_wconf 82' lang='lat' dir='ltr'>pleraque,</span> 
     </span>
     <span class='ocr_line' id='line_1_19' title="bbox 586 2121 2160 2198; baseline 0.001 -19"><span class='ocrx_word' id='word_1_147' title='bbox 586 2121 739 2180; x_wconf 86' lang='lat' dir='ltr'>inter</span> <span class='ocrx_word' id='word_1_148' title='bbox 783 2140 933 2198; x_wconf 84' lang='lat' dir='ltr'>quae</span> <span class='ocrx_word' id='word_1_149' title='bbox 977 2129 1037 2182; x_wconf 89' lang='lat' dir='ltr'>et</span> <span class='ocrx_word' id='word_1_150' title='bbox 1080 2122 1445 2198; x_wconf 80' lang='lat' dir='ltr'>epitaphium</span> <span class='ocrx_word' id='word_1_151' title='bbox 1489 2122 1636 2183; x_wconf 89' lang='lat' dir='ltr'>illud</span> <span class='ocrx_word' id='word_1_152' title='bbox 1683 2122 1942 2181; x_wconf 86' lang='lat' dir='ltr'>Thomae</span> <span class='ocrx_word' id='word_1_153' title='bbox 1984 2122 2160 2181; x_wconf 83' lang='lat' dir='ltr'>Mori:</span> 
     </span>
     <span class='ocr_line' id='line_1_20' title="bbox 588 2208 2426 2289; baseline 0.001 -21"><span class='ocrx_word' id='word_1_154' title='bbox 588 2208 736 2283; x_wconf 86' lang='lat' dir='ltr'>Quis</span> <span class='ocrx_word' id='word_1_155' title='bbox 780 2210 933 2269; x_wconf 81' lang='lat' dir='ltr'>iacet</span> <span class='ocrx_word' id='word_1_156' title='bbox 954 2212 1089 2271; x_wconf 79' lang='lat' dir='ltr'>hic?</span> <span class='ocrx_word' id='word_1_157' title='bbox 1134 2211 1419 2285; x_wconf 80' lang='lat' dir='ltr'>Truncus,</span> <span class='ocrx_word' id='word_1_158' title='bbox 1465 2212 1635 2271; x_wconf 89' lang='lat' dir='ltr'>cuius</span> <span class='ocrx_word' id='word_1_159' title='bbox 1661 2218 1838 2289; x_wconf 67' lang='lat' dir='ltr'>caput</span> <span class='ocrx_word' id='word_1_160' title='bbox 1863 2230 2005 2271; x_wconf 85' lang='lat' dir='ltr'>ense</span> <span class='ocrx_word' id='word_1_161' title='bbox 2033 2211 2290 2271; x_wconf 90' lang='lat' dir='ltr'>recisum</span> <span class='ocrx_word' id='word_1_162' title='bbox 2313 2216 2426 2270; x_wconf 89' lang='lat' dir='ltr'>est.</span> 
     </span>
     <span class='ocr_line' id='line_1_21' title="bbox 498 2297 2064 2376; baseline 0.004 -23"><span class='ocrx_word' id='word_1_163' title='bbox 498 2310 553 2353; x_wconf 82' lang='lat'>20</span> <span class='ocrx_word' id='word_1_164' title='bbox 680 2297 843 2371; x_wconf 82' lang='lat' dir='ltr'>Quae</span> <span class='ocrx_word' id='word_1_165' title='bbox 886 2305 1049 2359; x_wconf 78' lang='lat' dir='ltr'>natat</span> <span class='ocrx_word' id='word_1_166' title='bbox 1090 2300 1153 2357; x_wconf 88' lang='lat' dir='ltr'>in</span> <span class='ocrx_word' id='word_1_167' title='bbox 1196 2306 1381 2359; x_wconf 72' lang='lat' dir='ltr'>taen-o</span> <span class='ocrx_word' id='word_1_168' title='bbox 1427 2301 1747 2376; x_wconf 80' lang='lat' dir='ltr'>sanguine?</span> <span class='ocrx_word' id='word_1_169' title='bbox 1791 2301 2064 2361; x_wconf 71' lang='lat' dir='ltr'>Canities</span> 
     </span>
     <span class='ocr_line' id='line_1_22' title="bbox 587 2387 2164 2466; baseline 0.002 -20"><span class='ocrx_word' id='word_1_170' title='bbox 587 2387 701 2446; x_wconf 91' lang='lat' dir='ltr'>Hic</span> <span class='ocrx_word' id='word_1_171' title='bbox 744 2387 847 2446; x_wconf 91' lang='lat' dir='ltr'>ille</span> <span class='ocrx_word' id='word_1_172' title='bbox 892 2394 985 2447; x_wconf 90' lang='lat' dir='ltr'>est</span> <span class='ocrx_word' id='word_1_173' title='bbox 1030 2388 1284 2449; x_wconf 85' lang='lat' dir='ltr'>Thomas</span> <span class='ocrx_word' id='word_1_174' title='bbox 1328 2389 1560 2464; x_wconf 80' lang='lat' dir='ltr'>Morus3</span> <span class='ocrx_word' id='word_1_175' title='bbox 1605 2390 1692 2449; x_wconf 86' lang='lat' dir='ltr'>sic</span> <span class='ocrx_word' id='word_1_176' title='bbox 1735 2390 1853 2449; x_wconf 79' lang='lat' dir='ltr'>fata</span> <span class='ocrx_word' id='word_1_177' title='bbox 1897 2390 2164 2466; x_wconf 86' lang='lat' dir='ltr'>rependit</span> 
     </span>
     <span class='ocr_line' id='line_1_23' title="bbox 679 2475 2089 2539; baseline 0.001 -4"><span class='ocrx_word' id='word_1_178' title='bbox 679 2475 890 2536; x_wconf 82' lang='lat' dir='ltr'>Tristia</span> <span class='ocrx_word' id='word_1_179' title='bbox 932 2478 1121 2539; x_wconf 82' lang='lat' dir='ltr'>multa</span> <span class='ocrx_word' id='word_1_180' title='bbox 1165 2478 1328 2538; x_wconf 86' lang='lat' dir='ltr'>bonis</span> <span class='ocrx_word' id='word_1_181' title='bbox 1373 2485 1436 2539; x_wconf 87' lang='lat' dir='ltr'>et</span> <span class='ocrx_word' id='word_1_182' title='bbox 1481 2479 1627 2539; x_wconf 85' lang='lat' dir='ltr'>bona</span> <span class='ocrx_word' id='word_1_183' title='bbox 1671 2478 1858 2539; x_wconf 85' lang='lat' dir='ltr'>multa</span> <span class='ocrx_word' id='word_1_184' title='bbox 1901 2479 2089 2539; x_wconf 74' lang='lat' dir='ltr'>malis</span> 
     </span>
     <span class='ocr_line' id='line_1_24' title="bbox 590 2564 2171 2643; baseline 0.003 -20"><span class='ocrx_word' id='word_1_185' title='bbox 590 2564 751 2638; x_wconf 84' lang='lat' dir='ltr'>Quae</span> <span class='ocrx_word' id='word_1_186' title='bbox 796 2566 1237 2627; x_wconf 85' lang='lat' dir='ltr'>circumsistunt</span> <span class='ocrx_word' id='word_1_187' title='bbox 1280 2568 1450 2627; x_wconf 80' lang='lat' dir='ltr'>divae</span> <span class='ocrx_word' id='word_1_188' title='bbox 1495 2568 1745 2643; x_wconf 88' lang='lat' dir='ltr'>lugubre</span> <span class='ocrx_word' id='word_1_189' title='bbox 1790 2568 2073 2627; x_wconf 80' lang='lat' dir='ltr'>cadaver?</span> <span class='ocrx_word' id='word_1_190' title='bbox 2163 2604 2171 2612; x_wconf 91' lang='lat'><strong>·</strong></span> 
     </span>
     <span class='ocr_line' id='line_1_25' title="bbox 674 2654 2046 2731; baseline 0.001 -18"><span class='ocrx_word' id='word_1_191' title='bbox 674 2654 826 2714; x_wconf 84' lang='lat' dir='ltr'>Diva</span> <span class='ocrx_word' id='word_1_192' title='bbox 870 2661 1047 2715; x_wconf 80' lang='lat' dir='ltr'>tenax</span> <span class='ocrx_word' id='word_1_193' title='bbox 1066 2688 1074 2697; x_wconf 94' lang='lat'><strong>·</strong></span> <span class='ocrx_word' id='word_1_194' title='bbox 1092 2657 1232 2731; x_wconf 84' lang='lat' dir='ltr'>veri,</span> <span class='ocrx_word' id='word_1_195' title='bbox 1278 2664 1480 2717; x_wconf 85' lang='lat' dir='ltr'>sancta</span> <span class='ocrx_word' id='word_1_196' title='bbox 1523 2656 1713 2729; x_wconf 79' lang='lat' dir='ltr'>Fides,</span> <span class='ocrx_word' id='word_1_197' title='bbox 1758 2656 2046 2731; x_wconf 88' lang='lat' dir='ltr'>Nemesis,</span> 
     </span>
     <span class='ocr_line' id='line_1_26' title="bbox 498 2742 2214 2820; baseline 0.003 -23"><span class='ocrx_word' id='word_1_198' title='bbox 498 2755 553 2797; x_wconf 82' lang='lat'>25</span> <span class='ocrx_word' id='word_1_199' title='bbox 588 2742 851 2817; x_wconf 78' lang='lat' dir='ltr'>Quarum</span> <span class='ocrx_word' id='word_1_200' title='bbox 895 2745 1084 2820; x_wconf 82' lang='lat' dir='ltr'>prima</span> <span class='ocrx_word' id='word_1_201' title='bbox 1126 2746 1241 2805; x_wconf 80' lang='lat' dir='ltr'>fuit</span> <span class='ocrx_word' id='word_1_202' title='bbox 1284 2764 1462 2805; x_wconf 70' lang='lat' dir='ltr'>musa</span> <span class='ocrx_word' id='word_1_203' title='bbox 1503 2751 1566 2805; x_wconf 86' lang='lat' dir='ltr'>et</span> <span class='ocrx_word' id='word_1_204' title='bbox 1607 2746 1721 2805; x_wconf 81' lang='lat' dir='ltr'>fuit</span> <span class='ocrx_word' id='word_1_205' title='bbox 1763 2746 1947 2805; x_wconf 84' lang='lat' dir='ltr'>altera</span> <span class='ocrx_word' id='word_1_206' title='bbox 1992 2745 2214 2815; x_wconf 79' lang='lat' dir='ltr'>mortis,</span> 
     </span>
     <span class='ocr_line' id='line_1_27' title="bbox 676 2832 1796 2895; baseline 0.004 -4"><span class='ocrx_word' id='word_1_207' title='bbox 676 2832 875 2891; x_wconf 78' lang='lat' dir='ltr'>Vltrix</span> <span class='ocrx_word' id='word_1_208' title='bbox 920 2834 1171 2895; x_wconf 82' lang='lat' dir='ltr'>iniustae</span> <span class='ocrx_word' id='word_1_209' title='bbox 1214 2835 1385 2893; x_wconf 83' lang='lat' dir='ltr'>tertia</span> <span class='ocrx_word' id='word_1_210' title='bbox 1429 2835 1626 2895; x_wconf 81' lang='lat' dir='ltr'>caedis</span> <span class='ocrx_word' id='word_1_211' title='bbox 1671 2834 1796 2895; x_wconf 86' lang='lat' dir='ltr'>erit.</span> 
     </span>
     <span class='ocr_line' id='line_1_28' title="bbox 586 2921 2426 3001; baseline 0.001 -21"><span class='ocrx_word' id='word_1_212' title='bbox 586 2921 819 2981; x_wconf 85' lang='lat' dir='ltr'>Fuisset</span> <span class='ocrx_word' id='word_1_213' title='bbox 862 2928 923 2981; x_wconf 90' lang='lat' dir='ltr'>et</span> <span class='ocrx_word' id='word_1_214' title='bbox 964 2922 1212 2985; x_wconf 88' lang='lat' dir='ltr'>Ioannes</span> <span class='ocrx_word' id='word_1_215' title='bbox 1258 2924 1552 3001; x_wconf 85' lang='lat' dir='ltr'>Sinapius‚</span> <span class='ocrx_word' id='word_1_216' title='bbox 1607 2941 1775 2983; x_wconf 90' lang='lat' dir='ltr'>meus</span> <span class='ocrx_word' id='word_1_217' title='bbox 1829 2924 2212 3000; x_wconf 51' lang='lat' dir='ltr'>propinquus</span> <span class='ocrx_word' id='word_1_218' title='bbox 2267 2922 2426 2983; x_wconf 89' lang='lat' dir='ltr'>inter</span> 
     </span>
     <span class='ocr_line' id='line_1_29' title="bbox 586 3011 2424 3089; baseline 0.001 -20"><span class='ocrx_word' id='word_1_219' title='bbox 586 3016 787 3087; x_wconf 82' lang='lat' dir='ltr'>poetas</span> <span class='ocrx_word' id='word_1_220' title='bbox 830 3011 957 3070; x_wconf 87' lang='lat' dir='ltr'>iure</span> <span class='ocrx_word' id='word_1_221' title='bbox 1000 3013 1393 3073; x_wconf 85' lang='lat' dir='ltr'>conlocandus</span> <span class='ocrx_word' id='word_1_222' title='bbox 1407 3058 1422 3086; x_wconf 87' lang='lat'>,</span> <span class='ocrx_word' id='word_1_223' title='bbox 1483 3013 1584 3089; x_wconf 88' lang='lat' dir='ltr'>qui</span> <span class='ocrx_word' id='word_1_224' title='bbox 1637 3019 1698 3073; x_wconf 89' lang='lat' dir='ltr'>et</span> <span class='ocrx_word' id='word_1_225' title='bbox 1753 3030 1860 3071; x_wconf 87' lang='lat' dir='ltr'>suo</span> <span class='ocrx_word' id='word_1_226' title='bbox 1913 3013 2148 3089; x_wconf 86' lang='lat' dir='ltr'>ingenio</span> <span class='ocrx_word' id='word_1_227' title='bbox 2200 3012 2424 3073; x_wconf 85' lang='lat' dir='ltr'>multos</span> 
     </span>
     <span class='ocr_line' id='line_1_30' title="bbox 588 3099 2424 3175; baseline 0.002 -19"><span class='ocrx_word' id='word_1_228' title='bbox 588 3117 796 3159; x_wconf 88' lang='lat' dir='ltr'>versus</span> <span class='ocrx_word' id='word_1_229' title='bbox 826 3099 1009 3160; x_wconf 89' lang='lat' dir='ltr'>edidit</span> <span class='ocrx_word' id='word_1_230' title='bbox 1050 3107 1111 3161; x_wconf 89' lang='lat' dir='ltr'>et</span> <span class='ocrx_word' id='word_1_231' title='bbox 1136 3120 1212 3161; x_wconf 81' lang='lat' dir='ltr'>ex</span> <span class='ocrx_word' id='word_1_232' title='bbox 1242 3100 1484 3161; x_wconf 83' lang='lat' dir='ltr'>Graecis</span> <span class='ocrx_word' id='word_1_233' title='bbox 1511 3102 1728 3161; x_wconf 87' lang='lat' dir='ltr'>multos</span> <span class='ocrx_word' id='word_1_234' title='bbox 1755 3102 2069 3175; x_wconf 72' lang='lat' dir='ltr'>transtulit,</span> <span class='ocrx_word' id='word_1_235' title='bbox 2115 3107 2182 3160; x_wconf 87' lang='lat' dir='ltr'>ut</span> <span class='ocrx_word' id='word_1_236' title='bbox 2217 3107 2310 3162; x_wconf 89' lang='lat' dir='ltr'>est</span> <span class='ocrx_word' id='word_1_237' title='bbox 2343 3119 2424 3160; x_wconf 80' lang='lat' dir='ltr'>ex</span> 
     </span>
     <span class='ocr_line' id='line_1_31' title="bbox 496 3188 2424 3267; baseline 0.003 -23"><span class='ocrx_word' id='word_1_238' title='bbox 496 3201 550 3242; x_wconf 79' lang='lat'>30</span> <span class='ocrx_word' id='word_1_239' title='bbox 585 3188 843 3248; x_wconf 87' lang='lat' dir='ltr'>Luciano</span> <span class='ocrx_word' id='word_1_240' title='bbox 851 3188 1133 3265; x_wconf 83' lang='lat' dir='ltr'>Podagra,</span> <span class='ocrx_word' id='word_1_241' title='bbox 1148 3190 1207 3248; x_wconf 89' lang='lat' dir='ltr'>ni</span> <span class='ocrx_word' id='word_1_242' title='bbox 1220 3190 1390 3250; x_wconf 88' lang='lat' dir='ltr'>illum</span> <span class='ocrx_word' id='word_1_243' title='bbox 1403 3190 1806 3267; x_wconf 76' lang='lat' dir='ltr'>philosophiae</span> <span class='ocrx_word' id='word_1_244' title='bbox 1817 3197 1876 3251; x_wconf 87' lang='lat' dir='ltr'>et</span> <span class='ocrx_word' id='word_1_245' title='bbox 1889 3191 2210 3251; x_wconf 80' lang='lat' dir='ltr'>medicinae</span> <span class='ocrx_word' id='word_1_246' title='bbox 2226 3190 2424 3251; x_wconf 83' lang='lat' dir='ltr'>studia</span> 
     </span>
     <span class='ocr_line' id='line_1_32' title="bbox 584 3278 2423 3356; baseline 0 -19"><span class='ocrx_word' id='word_1_247' title='bbox 584 3296 619 3337; x_wconf 86' lang='lat' dir='ltr'>a</span> <span class='ocrx_word' id='word_1_248' title='bbox 654 3278 1147 3337; x_wconf 87' lang='lat' dir='ltr'>mansuetioribus</span> <span class='ocrx_word' id='word_1_249' title='bbox 1180 3280 1371 3339; x_wconf 87' lang='lat' dir='ltr'>Musis</span> <span class='ocrx_word' id='word_1_250' title='bbox 1409 3286 1778 3356; x_wconf 70' lang='lat' dir='ltr'>avooessent3</span> <span class='ocrx_word' id='word_1_251' title='bbox 1823 3285 1886 3339; x_wconf 89' lang='lat' dir='ltr'>et</span> <span class='ocrx_word' id='word_1_252' title='bbox 1921 3298 2016 3341; x_wconf 90' lang='lat' dir='ltr'>me</span> <span class='ocrx_word' id='word_1_253' title='bbox 2053 3280 2126 3339; x_wconf 92' lang='lat' dir='ltr'>de</span> <span class='ocrx_word' id='word_1_254' title='bbox 2153 3298 2222 3339; x_wconf 87' lang='lat' dir='ltr'>eo</span> <span class='ocrx_word' id='word_1_255' title='bbox 2249 3279 2423 3355; x_wconf 86' lang='lat' dir='ltr'>plura.</span> 
     </span>
     <span class='ocr_line' id='line_1_33' title="bbox 585 3366 2424 3429; baseline 0.001 -4"><span class='ocrx_word' id='word_1_256' title='bbox 585 3366 779 3426; x_wconf 81' lang='lat' dir='ltr'>dicere</span> <span class='ocrx_word' id='word_1_257' title='bbox 824 3373 884 3425; x_wconf 89' lang='lat' dir='ltr'>et</span> <span class='ocrx_word' id='word_1_258' title='bbox 908 3368 1277 3427; x_wconf 87' lang='lat' dir='ltr'>necessitudo</span> <span class='ocrx_word' id='word_1_259' title='bbox 1322 3374 1522 3429; x_wconf 69' lang='lat' dir='ltr'>nostia</span> <span class='ocrx_word' id='word_1_260' title='bbox 1557 3374 1617 3427; x_wconf 87' lang='lat' dir='ltr'>et</span> <span class='ocrx_word' id='word_1_261' title='bbox 1641 3369 1903 3429; x_wconf 85' lang='lat' dir='ltr'>omnium</span> <span class='ocrx_word' id='word_1_262' title='bbox 1929 3374 2190 3429; x_wconf 85' lang='lat' dir='ltr'>vestrum</span> <span class='ocrx_word' id='word_1_263' title='bbox 2217 3367 2424 3427; x_wconf 84' lang='lat' dir='ltr'>notitia</span> 
     </span>
     <span class='ocr_line' id='line_1_34' title="bbox 586 3455 2424 3534; baseline 0.001 -21"><span class='ocrx_word' id='word_1_264' title='bbox 586 3455 930 3531; x_wconf 65' lang='lat' dir='ltr'>prohibent)</span> <span class='ocrx_word' id='word_1_265' title='bbox 995 3456 1314 3534; x_wconf 87' lang='lat' dir='ltr'>Postquam</span> <span class='ocrx_word' id='word_1_266' title='bbox 1334 3458 1511 3517; x_wconf 89' lang='lat' dir='ltr'>finem</span> <span class='ocrx_word' id='word_1_267' title='bbox 1532 3457 1763 3517; x_wconf 88' lang='lat' dir='ltr'>dicendi</span> <span class='ocrx_word' id='word_1_268' title='bbox 1781 3459 1920 3519; x_wconf 78' lang='lat' dir='ltr'>fecit</span> <span class='ocrx_word' id='word_1_269' title='bbox 1935 3458 2204 3523; x_wconf 75' lang='lat' dir='ltr'>Andreas</span> <span class='ocrx_word' id='word_1_270' title='bbox 2223 3457 2424 3518; x_wconf 81' lang='lat' dir='ltr'>Grun-</span> 
     </span>
     <span class='ocr_line' id='line_1_35' title="bbox 584 3545 2424 3623; baseline 0.003 -21"><span class='ocrx_word' id='word_1_271' title='bbox 584 3545 804 3616; x_wconf 78' lang='lat' dir='ltr'>therus,</span> <span class='ocrx_word' id='word_1_272' title='bbox 826 3562 1025 3605; x_wconf 89' lang='lat' dir='ltr'>omnes</span> <span class='ocrx_word' id='word_1_273' title='bbox 1042 3548 1325 3605; x_wconf 89' lang='lat' dir='ltr'>sermonis</span> <span class='ocrx_word' id='word_1_274' title='bbox 1338 3548 1518 3605; x_wconf 87' lang='lat' dir='ltr'>finem</span> <span class='ocrx_word' id='word_1_275' title='bbox 1533 3564 1668 3605; x_wconf 85' lang='lat' dir='ltr'>esse</span> <span class='ocrx_word' id='word_1_276' title='bbox 1681 3548 2084 3609; x_wconf 70' lang='lat' dir='ltr'>existimantes</span> <span class='ocrx_word' id='word_1_277' title='bbox 2097 3548 2424 3623; x_wconf 83' lang='lat' dir='ltr'>adsurgere</span> 
     </span>
     <span class='ocr_line' id='line_1_36' title="bbox 495 3632 2421 3714; baseline 0.005 -27"><span class='ocrx_word' id='word_1_278' title='bbox 495 3646 549 3687; x_wconf 82' lang='lat'>35</span> <span class='ocrx_word' id='word_1_279' title='bbox 587 3632 739 3691; x_wconf 84' lang='lat' dir='ltr'>velle</span> <span class='ocrx_word' id='word_1_280' title='bbox 783 3632 897 3691; x_wconf 79' lang='lat' dir='ltr'>visi</span> <span class='ocrx_word' id='word_1_281' title='bbox 936 3640 1075 3693; x_wconf 74' lang='lat' dir='ltr'>slmt</span> <span class='ocrx_word' id='word_1_282' title='bbox 1108 3634 1538 3711; x_wconf 85' lang='lat' dir='ltr'>abitionemque</span> <span class='ocrx_word' id='word_1_283' title='bbox 1567 3654 1786 3711; x_wconf 81' lang='lat' dir='ltr'>parare.</span> <span class='ocrx_word' id='word_1_284' title='bbox 1859 3638 1940 3695; x_wconf 90' lang='lat' dir='ltr'>At</span> <span class='ocrx_word' id='word_1_285' title='bbox 1973 3654 2084 3711; x_wconf 85' lang='lat' dir='ltr'>ego</span> <span class='ocrx_word' id='word_1_286' title='bbox 2131 3636 2421 3714; x_wconf 78' lang='lat' dir='ltr'>‘Manete’,</span> 
     </span>
    </p>
   </div>
  </div>
 </body>
</html>
