2796 4185
1039 413 1362 469 GYRAans,
1408 414 1484 454 DE
1527 413 1742 454 pomus.
2264 397 2354 454 93

512 589 809 666 Estensis,
861 591 1019 650 item·
1062 591 1371 668 epoclicum
1427 591 1693 666 eiusdem
1747 609 2010 664 carmen,
2071 591 2226 666 quod
2274 591 2357 650 de

516 697 623 737 suo
666 680 857 756 ipsius
904 680 997 738 die
1042 680 1223 738 natali
1268 679 1600 757 Horatianis
1647 679 1908 740 numeris
1953 680 2029 738 ad
2077 679 2346 738 Calinum

516 769 779 844 scripsit,
844 769 1091 842 faciunt,
1156 775 1223 833 ut
1278 769 1345 826 in
1409 769 1537 828 dies
1599 769 1674 827 de
1739 787 1809 828 eo
1871 769 2045 844 longe
2107 768 2358 828 meliora.

516 857 805 933 speranda
860 858 1006 934 sint;
1068 876 1227 916 nunc
1280 875 1420 916 vero
1465 857 1590 932 agit
1635 857 1898 916 Venetiis
1945 857 2244 916 institutor
2287 863 2348 916 et

450 958 476 998 5
512 952 857 1023 praeceptor
927 947 1393 1006 adulescentium
1465 945 1903 1007 Corneliorum!
1993 946 2106 1004 His
2162 946 2250 1005 sic
2311 965 2357 1006 a

512 1035 709 1094 Riccio
738 1035 1203 1095 commemoratis
1234 1053 1343 1111 ego
1363 1035 1438 1094 de
1455 1035 1894 1094 Mutinensibus
1917 1034 1979 1092 in
2005 1035 2347 1094 universum

515 1142 647 1182 sum
673 1125 935 1184 locutus:
984 1125 1265 1198 ‘Horum’,
1310 1125 1570 1202 inquam,
1619 1123 1870 1199 ‘ingenia
1899 1129 2174 1200 prompta
2208 1131 2356 1183 sunt.

511 1233 582 1272 ac
612 1220 813 1290 parata
838 1214 902 1272 in
929 1219 1238 1290 utramque
1265 1219 1513 1290 partem.
1579 1213 1733 1272 Nam
1759 1218 1819 1272 et
1845 1213 1907 1272 in
1933 1213 2164 1289 poetica
2193 1219 2354 1288 sunt,

512 1303 616 1379 qui
660 1309 830 1362 acute
874 1308 1202 1378 arguteque
1248 1303 1522 1376 scribant,
1571 1303 1678 1360 sed
1724 1303 1973 1360 obscure
2011 1302 2352 1376 admodum,

426 1403 476 1444 io
513 1397 580 1451 ut
633 1391 945 1468 Philippus
994 1391 1342 1450 Valentinus
1406 1397 1467 1450 et
1527 1391 1864 1450 Ludovicus
1921 1391 2353 1465 CastelvitriuS,

512 1479 752 1538 criticus
798 1481 993 1556 potius
1040 1498 1215 1556 quam
1261 1486 1450 1555 poeta,
1497 1480 1595 1538 cui
1637 1497 1755 1538 non
1801 1480 1946 1540 satis
1982 1481 2241 1540 Bembus
2287 1486 2354 1540 et,

514 1569 825 1628 Sadoletus
871 1586 1043 1628 aures
1078 1569 1343 1643 implent,
1391 1575 1460 1626 ut
1483 1568 1688 1644 audi03
1738 1569 1813 1627 de
1842 1586 1958 1644 quo
1994 1570 2165 1645 plura
2193 1588 2345 1646 quae

514 1658 727 1733 loquar
762 1675 879 1716 non
924 1658 1126 1730 habeO,
1172 1675 1362 1732 neque
1389 1657 1544 1716 enim
1577 1657 1704 1716 eius
1735 1657 1954 1734 scripta
1979 1658 2123 1716 mihi
2145 1659 2352 1717 videre-

514 1745 777 1820 contigit.
874 1744 1191 1822 [Nonnulla
1262 1745 1426 1804 illius
1503 1753 1878 1804 monumenta
1942 1765 2130 1822 nuper
2197 1747 2346 1805 mihi

426 1847 476 1886 15
512 1834 705 1892 adlata
748 1835 916 1892 fuere
963 1839 1024 1892 et
1054 1834 1262 1893 Latina
1306 1839 1367 1893 et
1411 1835 1723 1894 vernacula
1761 1835 1965 1910 lingua
2007 1837 2351 1911 composita,

514 1940 665 1998 quae
712 1940 853 1982 sane
897 1922 1045 1980 mihi
1090 1929 1516 1998 persuaserimt
1561 1941 1699 1982 eum
1741 1923 1958 1982 iudicio
1997 1941 2132 1984 esse
2169 1942 2344 2000 quam

512 2011 797 2070 acerrimo
854 2016 915 2070 et
958 2011 1289 2071 eruditione
1342 2030 1461 2094 non
1505 2011 1774 2090 vulgari]
1848 2012 1960 2071 Est
2003 2017 2067 2072 et
2111 2011 2347 2072 Gabriel
2449 2047 2457 2056 ι

428 2111 545 2167 [1051
591 2101 883 2178 FalopiuS,
930 2102 1034 2177 qui
1081 2120 1147 2161 se
1191 2102 1267 2161 ad
1302 2120 1432 2159 rem
1467 2102 1756 2161 medicam
1797 2098 1804 2181 Ι
1845 2102 2160 2176 transtulit,
2208 2109 2353 2161 sunt

513 2196 574 2249 et
617 2190 720 2249 alii
772 2208 959 2267 paene
1002 2190 1478 2265 innumerabileS,
1533 2191 1642 2250 sed
1694 2209 1850 2249 unus
1905 2196 1998 2251 est
2041 2192 2198 2251 inter
2242 2209 2344 2249 eos

422 2291 475 2332 20
512 2279 660 2337 mihi
703 2298 740 2338 a
782 2280 991 2356 primis
1044 2279 1212 2339 annis
1267 2279 1557 2355 cognituS,
1619 2280 1909 2338 Antonius
1963 2280 2346 2354 Florebellus,

512 2368 616 2444 qui
661 2387 798 2427 cum
844 2368 1108 2429 doctrina
1161 2374 1290 2427 tum
1332 2368 1622 2428 modestia
1673 2387 1744 2427 ac
1789 2368 1944 2429 vitae
1989 2369 2352 2427 continentia

510 2452 731 2533 insigni
784 2457 959 2516 laude
1014 2463 1108 2517 est
1160 2458 1626 2534 prosequendus,
1717 2458 1833 2517 Hie
1887 2477 2024 2517 cum
2069 2458 2344 2518 Sadoleto

512 2547 734 2605 diutius
794 2552 1065 2605 versatus
1131 2547 1260 2605 eius
1320 2565 1556 2605 omnem
1619 2546 1802 2605 vitam
1857 2548 2202 2607 aemulatur.
2267 2546 2351 2606 Et

512 2654 868 2713 quamquam
897 2636 1027 2695 eius
1059 2654 1267 2695 versus
1304 2654 1422 2695 non
1456 2635 1721 2711 legerim,
1761 2636 1918 2712 quod
1953 2636 2347 2711 meminerim,

424 2738 476 2778 25
515 2730 754 2784 exstant
811 2731 1009 2784 tamen
1070 2726 1227 2784 edita
1281 2725 1412 2783 eius
1466 2725 1754 2801 quaedam
1813 2724 2098 2802 opuscula
2155 2725 2350 2784 soluta.

512 2813 787 2887 oratione,
834 2832 985 2890 quae
1031 2814 1188 2890 quod
1223 2814 1298 2871 de
1336 2832 1406 2871 eo
1438 2813 1604 2871 vobis
1639 2814 1772 2890 ipse
1817 2814 1990 2872 attuli
2034 2814 2349 2873 verissima

515 2920 650 2961 esse
708 2903 1127 2963 demonstrant.
1221 2902 1414 2959 Caroli
1469 2902 1704 2977 Segonii
1763 2921 1876 2961 nee
1921 2903 2180 2961 carmina
2231 2922 2348 2962 nec

514 2992 805 3051 orationes
850 2992 987 3066 legi,
1033 2991 1165 3049 ideo
1193 2990 1321 3049 eius
1350 3008 1466 3049 non
1505 2991 1780 3066 memini3
1827 2992 2062 3067 publice
2091 2991 2345 3051 Graecas

514 3086 574 3139 et
618 3081 858 3139 Latinas
902 3081 1129 3139 litteras
1174 3078 1438 3139 Mutinae
1485 3080 1811 3156 profitetur.
1875 3080 2082 3138 Brixia
2124 3082 2345 3139 multos

424 3181 477 3221 30
512 3170 691 3228 habet
735 3169 1012 3243 eruditos,
1060 3169 1167 3227 sed
1204 3186 1319 3226 non
1351 3174 1412 3227 et
1437 3178 1658 3245 poetaS,
1705 3176 1774 3227 ut
1801 3168 1930 3227 eius
1950 3168 2073 3226 filia
2089 3168 2342 3227 Verona.

512 3257 677 3317 Inter
722 3257 983 3316 eruditos
1028 3257 1271 3333 quidem
1310 3276 1562 3333 magnus
1597 3258 1818 3333 ubique
1845 3262 2015 3333 pater
2046 3254 2344 3329 OctaviuS,

512 3346 630 3405 nisi
674 3347 832 3423 quod
878 3347 1012 3405 stilo
1040 3346 1293 3405 abstinet
1337 3364 1449 3405 nec
1490 3364 1626 3405 suas
1667 3364 1812 3422 opes
1839 3345 2074 3422 publica
2103 3347 2346 3403 taberna

513 3436 790 3495 venditat.
878 3435 1329 3495 Versificatores
1398 3435 1575 3494 etiam
1645 3435 1844 3511 potius
1905 3453 2080 3511 quam
2139 3440 2342 3509 poetas

512 3524 674 3584 fovet
730 3525 861 3599 ipsa
904 3524 1141 3583 Brixia.⁹
1231 3524 1395 3583 Haec
1451 3542 1588 3582 cum
1632 3544 1666 3583 a
1711 3542 1808 3583 me
1863 3524 2020 3581 dicta
2073 3523 2342 3596 fuissent,

422 3625 475 3665 35
514 3612 621 3671 ‘De
666 3614 815 3671 meis
860 3613 1229 3687 Mantuanis’,
1275 3612 1469 3690 inquit
1494 3613 1908 3686 Antimachus,
1957 3612 2128 3669 ‘nihil
2173 3630 2344 3687 prae-
