2796 4185
1061 419 1385 473 emnnvs,
1435 421 1511 460 m:
1556 419 1768 461 muris.

1113 594 1743 658 Interlooutores

438 738 441 741 ·
539 723 798 816 Lilins,
831 723 1239 782 Alexander
1270 723 1565 799 Rhango
1606 727 1675 782 et
1708 723 1946 782 Iulius
1978 723 2373 784 Sadoletus.

677 867 826 926 Cum
870 866 1052 941 igitur
1094 866 1328 937 Blanea,
1373 873 1563 925 mater
1606 871 1723 940 tua,
1778 871 2043 956 matrona
2086 865 2376 924 honestis-

543 956 708 1029 sima,
754 956 1001 1014 Romam
1064 955 1365 1031 religionis
1430 960 1491 1014 et
1552 956 1786 1032 pietatis
1854 955 2041 1030 gratia
2106 955 2284 1013 etiam
2340 974 2376 1013 a

479 1057 510 1098 5
543 1045 740 1102 Leone
755 1044 831 1103 X.
876 1044 1120 1102 invitata·
1149 1044 1408 1103 venisset
1433 1049 1747 1121 essentque
1777 1063 1915 1102 oum
1940 1063 2011 1104 ea
2041 1043 2377 1104 Alexander

452 1501 504 1541 10

447 2392 502 2432 ‘20

539 1140 599 1192 et
630 1132 984 1206 LudoviouS,
1031 1133 1240 1192 fratnes
1284 1133 1387 1207 tui,
1436 1133 1670 1192 cottidie
1712 1133 1874 1192 illam
1922 1140 1983 1192 et
2020 1139 2121 1192 tuo
2154 1137 2217 1192 et
2246 1150 2375 1191 meo

541 1221 776 1280 nomine
807 1222 1127 1281 salutatmn
1163 1222 1428 1298 adibam3
1475 1240 1550 1281 ea·
1575 1223 1747 1296 enim,
1777 1227 1844 1280 ut
1878 1222 2047 1296 nosti,
2096 1239 2191 1282 me
2224 1221 2377 1280 inter

542 1311 874 1370 carissimos
919 1311 1182 1370 habebat.
1275 1311 1427 1370 Cum
1471 1312 1545 1370 de
1588 1311 1679 1384 iis,
1736 1327 1887 1389 quae
1930 1316 2059 1370 tum
2102 1311 2166 1369 in
2210 1329 2375 1387 prae·

541 1399 727 1458 sentia
771 1399 1164 1473 oecurrebant,
1211 1399 1355 1459 satis
1402 1401 1693 1460 conlocuti
1729 1417 2013 1474 essemus,
2057 1399 2204 1458 nihil
2230 1399 2376 1458 mihi

541 1494 841 1564 praeterea
902 1489 1098 1566 potius
1161 1495 1286 1548 erat
1349 1505 1528 1566 quam
1585 1490 1991 1548 Alexandrum
2048 1485 2374 1561 convenire,

539 1578 851 1652 hominem,
885 1584 953 1636 ut
983 1578 1116 1652 sois,
1149 1595 1266 1638 non
1293 1579 1489 1637 minus
1518 1579 1727 1638 studiis
1752 1579 2034 1638 bonarum
2050 1578 2377 1636 litterarum

539 1665 804 1726 deditum
831 1685 1010 1744 quam
1036 1667 1292 1726 militiae.
1341 1667 1493 1726 Cum
1515 1668 1699 1743 igitur
1722 1667 2035 1744 aliquando
2058 1685 2196 1726 oum
2218 1663 2288 1725 eo
2315 1666 2376 1724 in

539 1755 828 1830 viridariO,
867 1757 1024 1832 quod
1061 1757 1386 1817 seeundum
1422 1757 1639 1816 molem
1666 1757 1948 1816 Hadriani
1975 1748 2229 1815 Blaneae
2254 1754 2375 1814 Leo

541 1851 860 1920 paraverat,
915 1845 1366 1921 deambularem,
1421 1845 1545 1904 illie
1589 1860 1685 1904 me
1737 1846 1903 1919 forte,
1956 1850 2024 1904 ut
2074 1845 2376 1903 adsolebat

477 1947 504 1986 ὃ
541 1951 730 2010 saepe,
771 1935 1046 1993 eonvenit
1070 1935 1258 1993 Iulius
1291 1934 1619 2008 Sadoletus,
1651 1935 1846 1994 Iaoobi
1876 1935 1990 1993 viri
2028 1930 2375 2010 amplissimi

539 2027 600 2082 et
625 2023 949 2082 doctissimi
974 2025 1169 2098 frater,
1197 2023 1429 2082 iuvenis
1454 2040 1609 2082 unus
1637 2024 1897 2082 omnium
1926 2023 2375 2082 ardentissimus

538 2113 1058 2189 paratissimusque
1117 2114 1192 2172 ad
1245 2132 1651 2191 quaecumque
1708 2114 1970 2172 animum
2022 2112 2373 2172 intendebat.

540 2202 691 2260 Cum
755 2202 932 2260 simul
995 2206 1115 2261 tres
1177 2202 1291 2279 ipsi
1348 2200 1845 2261 inambularemus
1862 2248 1876 2277 ,
1940 2202 2253 2261 incidimus
2312 2201 2372 2259 in

537 2290 785 2364 PisoniS,
843 2290 1169 2349 communis
1224 2292 1415 2365 amici,
1472 2292 1848 2365 mentionem,
1906 2308 2088 2369 quem
2141 2308 2374 2349 mecum

539 2398 658 2439 una
699 2398 836 2438 cum
880 2380 1020 2439 Pieo
1064 2386 1192 2439 tum
1237 2398 1421 2457 puero
1464 2382 1906 2458 conloquentem
1950 2381 2013 2438 in
2058 2378 2272 2439 nostris
2300 2380 2374 2437 de

539 2469 726 2545 poetis
771 2468 1018 2544 dialogis
1071 2474 1239 2528 antea
1284 2471 1553 2543 feeeram,
1609 2488 1862 2546 eumque
1907 2470 1981 2527 de
2026 2468 2373 2529 suavissimo

539 2562 598 2615 et
642 2558 830 2617 amieo
873 2556 1180 2617 carissimo
1225 2558 1413 2617 multa
1455 2559 1704 2619 invicem
1745 2558 2103 2618 dixissemus
2130 2558 2373 2635 eiusque

538 2646 784 2705 virtutes
843 2664 1151 2725 moresque
1205 2647 1629 2721 laudassemus,
1686 2648 1941 2707 ‘Memini
1995 2648 2126 2721 me’,
2185 2646 2375 2724 inquit

537 2736 742 2809 Iulius,
791 2739 884 2794 ‘ex
928 2736 1060 2812 ipso
1089 2737 1303 2796 Pisone
1346 2736 1565 2809 audire,
1612 2737 1770 2814 quod
1814 2736 2089 2813 perfectis
2104 2731 2111 2737 ’
2126 2735 2373 2811 dialogis

475 2837 502 2877 ὃ
541 2834 631 2890 [12]
677 2824 751 2883 de
796 2826 984 2901 poetis
1029 2826 1284 2903 antiquis
1329 2825 1509 2884 animi
1544 2826 1857 2903 pendebaS,
1903 2844 1979 2884 an
2006 2819 2372 2908 nostrorum}

539 2932 768 2998 quoque
813 2920 1144 2990 temporum
1187 2920 1389 2991 poetas
1434 2933 1597 2975 esses
1642 2914 2107 2991 pei-scriptume!
2186 2914 2373 2991 quue

537 3002 712 3061 etiam
757 3020 894 3061 eum
939 3004 1308 3063 adfirmasset
1349 3004 1703 3078 Alexander,
1748 3004 1851 3081 qui
1894 3004 1957 3062 id
2002 3022 2079 3063 ex
2123 3022 2215 3062 me
2243 3003 2373 3079 ipso

538 3092 847 3169 aliquando
891 3092 1293 3167 intellexisset,
1337 3094 1427 3152 ‘Id
1464 3094 1711 3167 verum’,
1758 3093 1999 3170 inquam
2027 3110 2154 3168 ege,
2200 3092 2373 3168 ‘quod

539 3180 824 3241 adseritis.
885 3182 1042 3241 Nam
1086 3188 1146 3241 et
1175 3182 1277 3259 qui
1304 3182 1537 3241 tabulas
1561 3183 1819 3259 poeticas
1833 3182 2060 3259 -posuit,
2074 3236 2091 3242 ,
2105 3180 2373 3259 quisquis

448 3284 504 3323 30
537 3268 640 3328 ille
670 3270 796 3344 fuit,
843 3277 1055 3347 partae,
1088 3277 1155 3330 ut
1183 3267 1344 3330 mihi
1366 3271 1607 3349 quidem
1626 3272 1947 3345 videbatur,
1979 3288 2055 3329 ex
2084 3270 2374 3329 industria

537 3359 598 3417 in
629 3358 712 3427 ,iis
743 3359 978 3419 ultimas
1009 3361 1325 3437 reliquerat
1354 3361 1533 3435 albae,
1578 3360 1757 3420 nullis
1787 3360 2139 3435 imaginibus
2168 3360 2371 3436 pietas,

540 3453 607 3506 ut
641 3448 704 3506 in
730 3448 803 3506 iis
831 3448 1128 3508 videretur
1152 3449 1427 3524 voluisse,
1461 3455 1526 3508 ut
1552 3469 1586 3508 a
1618 3450 1869 3527 posteris
1896 3449 2113 3526 posteri
2140 3464 2373 3526 quoque

420 3600 424 3605 ,
537 3543 742 3614 poetae
787 3538 1276 3614 adpingerentur.’
1343 3538 1517 3613 ‘Quin
1552 3538 1689 3615 “ipse
1720 3538 1897 3614 ergo’,
1941 3538 2131 3615 inquit
2166 3537 2371 3610 IuliuS,

539 3628 645 3686 ‘vis
683 3627 800 3685 vita
826 3628 1060 3687 functos
1091 3633 1291 3704 poetas
1322 3628 1459 3705 plus
1486 3628 1591 3687 tibi
1622 3628 1833 3686 debere
1864 3645 2043 3704 quam
2069 3626 2372 3685 viventes?
