2796 4185
477 402 562 458 34
697 423 710 430 ·
1078 417 1403 472 omnm-S,
1446 417 1523 456 nr:
1568 417 1781 457 rocus,

565 595 1024 671 perficinndmn:
1071 614 1204 653 nam
1234 615 1370 652 eum
1395 595 1619 670 ubique
1646 595 1949 653 eruditior.
1974 601 2043 651 ut
2066 603 2176 652 est.
2210 594 2397 652 videri

565 685 732 758 velit‚
785 703 856 743 eo
899 685 1132 742 nomine
1175 691 1429 742 taxatur.
1520 684 1671 742 Cum
1713 684 1869 741 enim
1916 684 2177 740 omnium
2220 683 2401 741 disei-

565 775 854 849 plinarum
906 774 1140 831 flosculi
1195 774 1320 831 suis
1379 773 1637 848 inspersi
1690 773 1839 830 loeis
1893 773 2065 848 quasi
2110 772 2397 848 quaedam

563 864 816 922 nitentes
834 881 1100 937 gemmae
1121 869 1385 938 poemata
1402 869 1733 920 venustant-
1762 862 1849 918 sie
1868 861 2091 936 passim
2118 861 2399 919 inculeati

499 964 530 1004 5
562 971 634 1010 ea
694 952 950 1028 quodam
1011 951 1186 1009 modo
1249 951 1589 1008 sordescere
1662 951 1919 1008 faeilmt'
2030 950 2181 1008 Cum
2252 951 2397 1008 hae(-

563 1042 818 1100 ‹licerem
831 1086 846 1112 ‚
903 1040 966 1097 in
1026 1058 1122 1097 me
1167 1041 1421 1097 intuens
1480 1039 1818 1097 Alexander
1872 1039 2059 1096 dixit:
2134 1039 2399 1097 *Parcius

565 1131 702 1202 ista,
757 1130 872 1187 Lili
886 1175 900 1191 ,
955 1129 1031 1187 (le
1073 1130 1222 1186 bene
1265 1129 1473 1186 merito
1517 1135 1581 1186 et
1622 1129 1852 1186 erudito
1896 1129 2023 1185 viro
2036 1129 2071 1185 Γ
2152 1129 2397 1187 ‘Immo'.

562 1219 802 1294 inquam
845 1237 973 1292 ego,
1020 1217 1112 1275 ‘de
1148 1219 1278 1293 ipso
1304 1235 1374 1275 eo
1400 1217 1679 1275 libentius
1706 1218 1904 1293 phua:
1948 1218 2207 1274 nondum
2238 1218 2396 1275 enim

565 1326 752 1365 meam
798 1307 874 1364 de
905 1307 1010 1364 illo
1039 1307 1386 1364 sententiam
1413 1307 1681 1364 audistis.
1744 1307 1809 1364 Is
1834 1315 1927 1364 est
1956 1313 2115 1364 certe
2142 1305 2396 1369 Coelius,

479 1411 529 1447 m
565 1396 668 1472 qui
681 1441 696 1457 ,
755 1411 1036 1471 quorsum
1095 1396 1396 1470 ingenium
1450 1396 1664 1454 tendit.
1726 1396 1876 1452 illud
1921 1396 2092 1471 quasi
2136 1395 2393 1453 iacuhmi

563 1485 766 1558 dirigit
809 1491 872 1542 et
914 1485 1232 1558 conlineat:
1287 1502 1407 1541 non
1451 1485 1512 1541 in
1556 1485 1784 1560 poetica
1828 1491 2057 1542 tantum
2100 1485 2397 1545 facultate,

564 1573 668 1631 sed
721 1571 856 1630 aliis
909 1591 1144 1648 quoque
1195 1574 1581 1648 ingenuarmn
1626 1573 1845 1630 artium
1888 1573 2219 1649 disciplinis
2264 1591 2401 1631 sese

561 1662 666 1719 ille
723 1661 960 1719 assidue
1013 1662 1272 1720 continet
1324 1663 1387 1719 in
1442 1663 1797 1738 perennibus
1850 1662 1978 1720 suis
2034 1662 2274 1721 studiis,
2332 1663 2397 1718 in

562 1750 779 1826 quibus
819 1756 1014 1808 tantos
1041 1769 1354 1826 processus
1379 1751 1537 1810 facit.
1582 1757 1651 1808 ut
1676 1751 1908 1808 evolare
1936 1769 2053 1808 non
2078 1769 2399 1833 excurrene

477 1853 528 1892 15
563 1839 816 1915 quodam
861 1839 1034 1897 modo
1079 1840 1268 1897 videri
1311 1841 1519 1915 possit.
1598 1839 1726 1912 Quo
1770 1841 1855 1898 fit.
1902 1845 1969 1897 ut
2014 1840 2165 1898 nihil
2210 1841 2288 1898 sit
2332 1840 2395 1896 in

563 1947 629 1986 re
672 1927 954 1986 litteraria
997 1929 1376 2004 quantumvis
1430 1929 1699 1989 difficile,
1759 1929 2139 2004 quantumvis
2194 1947 2399 1986 nec-on-

562 2017 769 2089 clitum,
816 2017 974 2092 qnod
1013 2019 1296 2076 intactum
1332 2018 1463 2092 ipae
1498 2017 1803 2095 reliquerit
1846 2024 2025 2094 atque
2056 2036 2174 2075 non
2198 2018 2397 2095 aliqua

561 2107 696 2164 luce
771 2106 1132 2165 inlustrarit)
1231 2108 1396 2164 Haec
1468 2126 1604 2164 eum
1676 2108 1751 2165 de
1814 2107 2011 2166 Coelio
2084 2108 2395 2169 dixissem,

564 2194 782 2266 ·Nihi1’,
827 2194 1018 2271 inquit
1062 2196 1268 2256 Iulius,
1315 2195 1409 2253 ‘de
1448 2195 1643 2253 Coelio
1674 2196 2009 2271 Rhodigino
2022 2197 2068 2254 ‘?’
2134 2197 2245 2255 Cui
2284 2216 2395 2271 ego

472 2296 527 2337 20
566 2283 782 2357 ·Nihil’,
828 2284 1083 2360 inquam,
1112 2285 1362 2360 ‘quando
1407 2285 1536 2342 eius
1562 2286 1709 2342 mihi
1738 2286 1935 2343 nullos
1961 2286 2158 2343 adhuc
2185 2304 2397 2344 versus

563 2373 762 2431 videre
807 2373 1078 2447 contigit:
1127 2373 1240 2431 etsi
1283 2374 1661 2431 multifariam
1699 2374 1799 2432 ille
1828 2374 2067 2450 qui-dem
2106 2375 2393 2440 eruditus,

561 2480 770 2537 parum
828 2467 1024 2520 tamen
1086 2462 1150 2519 in
1207 2462 1535 2539 pangendis
1599 2463 1867 2521 versibus
1924 2470 2192 2522 versatus
2258 2482 2397 2521 esse

561 2551 809 2623 videtur,
854 2551 918 2608 id
963 2551 1120 2627 quod
1167 2552 1261 2609 vel
1304 2570 1384 2609 ex
1421 2552 1704 2609 miscellis
1730 2557 1790 2610 et
1808 2572 2017 2627 parum
2044 2554 2398 2627 plenunque

473 2651 562 2705 [41]
624 2640 800 2698 cultis
878 2640 1002 2697 suis
1075 2640 1470 2698 volluninibus
1544 2641 1716 2699 facile
1778 2660 1912 2699 oon-
1954 2642 1962 2720 Ι
2002 2641 2111 2716 ligi
2182 2646 2397 2717 potest.

470 2740 523 2782 23
559 2729 813 2787 Exstant
871 2735 932 2787 et
983 2729 1172 2805 ipsius
1227 2729 1657 2788 lucubrationes
1711 2730 1970 2788 nondum
2016 2731 2080 2787 in
2122 2736 2394 2806 apertum

559 2818 832 2894 prolatae.
906 2818 1066 2876 Duos
1113 2818 1212 2876 hic
1257 2818 1424 2876 vobis
1451 2826 1511 2877 et
1537 2818 1679 2877 item
1706 2820 1873 2892 duos
1921 2821 2028 2877 hos
2057 2820 2396 2895 cisalpinos,

559 2907 693 2965 illos
711 2908 1101 2983 transalpinos
1121 2907 1386 2965 miraculi
1417 2926 1593 2967 causa
1618 2926 2071 2967 commemorare
2100 2907 2393 2966 succurrit

559 2997 756 3073 potius
802 3015 978 3074 quam
1024 2997 1139 3055 alia
1182 3015 1246 3054 re
1291 2996 1571 3071 insigneS‚
1619 2998 1719 3072 qui
1750 2998 1907 3055 (aeci
1934 2999 2104 3055 ambo
2135 3005 2195 3055 et
2222 2998 2395 3055 ambo

559 3086 705 3163 lippi
761 3088 1015 3145 fuerunt.
1106 3085 1522 3161 Transalpinos
1578 3086 1744 3161 prius
1792 3086 2252 3144 commemorabo
2297 3104 2391 3143 me

468 3190 522 3228 κο
559 3194 741 3252 puero
801 3177 863 3234 in
910 3174 1222 3234 Germania
1265 3180 1326 3233 et
1371 3173 1580 3233 Galliis
1641 3175 2149 3233 celebratissimos,
2224 3176 2397 3233 Alter

557 3265 833 3324 Nicasius
878 3264 1305 3337 MaeliniensiS,
1363 3264 1465 3339 qui
1510 3264 1571 3321 in
1616 3264 1858 3321 trimatu
1905 3282 2041 3321 cum
2088 3264 2389 3321 oculorum

557 3373 732 3412 usum
777 3354 1100 3427 amisisset,
1148 3353 1210 3411 in
1265 3359 1487 3411 tantam
1532 3353 1917 3411 erlulitionem
1964 3353 2148 3410 nihilo
2194 3352 2393 3409 minus
2446 3375 2449 3377 ’

557 3444 840 3521 pervenit,
886 3448 954 3501 ut
996 3443 1060 3500 in
1105 3443 1263 3500 omni
1289 3460 1477 3519 paene
1504 3442 1779 3500 facultate
1804 3447 2033 3500 tantum
2062 3440 2391 3516 profecerit,

557 3538 624 3591 ut
667 3532 903 3609 publice
946 3532 1008 3590 in
1056 3532 1307 3590 (liversis
1353 3530 1679 3606 gymnasiis
1725 3531 2053 3589 litterarum
2092 3529 2388 3603 docuerit;

468 3634 521 3674 35
557 3622 698 3679 huic
743 3622 978 3680 demum
1026 3621 1308 3698 peculiari
1363 3620 1674 3697 privilegio
1719 3639 1754 3678 a
1798 3619 2073 3695 pontifice
2117 3626 2209 3678 est
2254 3636 2393 3676 con·
