2796 4185
944 463 1268 519 GYRAans,
1313 463 1388 503 mn
1434 463 1646 504 POETIS.
2177 447 2257 504 83

395 640 761 717 ⁴ceterisque
815 640 877 698 id
932 658 1135 716 genus.
1208 641 1377 699 Vivit
1430 641 1649 714 adhuc,
1705 646 1772 699 ut
1825 646 1994 716 put0,
2052 640 2156 700 sed
2202 646 2262 699 et

430 729 584 788 inter
656 728 856 788 Gallos
921 735 1205 788 versatur.
1296 729 1564 788 Andreas
1635 728 1882 787 Dactius
1953 729 2260 802 Etruscus,

430 817 755 879 Florentiae
799 822 973 876 natus
1004 836 1111 894 per
1140 823 1403 894 tempora
1429 818 1626 894 magni
1652 817 1958 876 Laurentii
1983 817 2259 887 MediceS,

349 952 356 960 .
430 912 498 965 ut
543 925 621 965 ex
664 903 855 983 ipsius
890 907 1259 982 poematibus
1294 907 1520 983 liquido
1561 906 1902 983 conspicere
1929 924 2261 982 possumne,

358 1007 393 1048 5
431 1014 581 1072 quae
634 1013 825 1072 nuper
876 1013 1129 1055 excussa
1181 996 1343 1072 typis
1407 995 1705 1063 Arnoldus
1749 995 2027 1054 Arlenius
2081 995 2158 1054 ad
2201 1002 2262 1054 te

432 1085 581 1144 dono
624 1085 801 1159 misit,
848 1089 1020 1161 poeta
1063 1085 1219 1144 inter
1264 1085 1587 1144 mediocres
1619 1083 2026 1143 connumerari
2052 1089 2261 1160 potest.

431 1173 611 1232 'Varia
638 1174 876 1252 scripsit
903 1173 1058 1232 haud
1091 1173 1275 1233 multa
1304 1193 1440 1232 cum
1468 1192 1560 1250 re3
1605 1174 1733 1232 eius
1751 1178 1945 1232 tamen
1979 1174 2264 1250 quaedam

428 1263 549 1338 legi
576 1265 649 1322 ab
680 1263 883 1322 otiosis
911 1268 1150 1339 queunt.
1192 1263 1305 1322 De
1334 1282 1404 1322 eo
1433 1262 1582 1320 illud
1611 1262 1845 1336 mirum,
1891 1261 2048 1339 quod
2078 1280 2262 1321 senex

431 1357 490 1409 et
536 1370 747 1410 caecus
792 1351 1029 1428 publice
1076 1350 1331 1410 Graecas
1375 1352 1604 1410 litteras
1649 1352 1950 1428 professus
1998 1351 2100 1427 sit3
2147 1369 2266 1410 non

335 1451 397 1492 10
432 1441 651 1498 multos
695 1445 831 1498 ante
877 1441 985 1498 hos
1030 1440 1157 1498 dies
1202 1440 1440 1499 interiit.
1517 1440 1651 1499 Fuit
1697 1445 1757 1498 et
1800 1441 1995 1517 aliquo
2041 1440 2264 1498 versifi-

434 1534 694 1586 catorum
740 1546 981 1586 numero
1012 1528 1280 1593 Andreas
1322 1529 1656 1588 Saranchus
1701 1547 1778 1588 ex
1815 1528 2008 1588 Gallia
2051 1534 2262 1604 togata,

435 1617 535 1692 qui
600 1635 696 1674 res
760 1621 960 1692 gestas
1030 1617 1253 1675 strenui
1324 1617 1698 1693 imperatoris
1761 1617 1997 1676 Ioannis
2069 1617 2266 1677 Iacobi

434 1703 677 1763 Triulcii
744 1703 998 1763 carmine
1072 1706 1420 1781 complexus
1486 1712 1579 1765 est
1662 1707 1770 1764 sub
1843 1705 2143 1772 Ludovico
2206 1711 2266 1765 et

433 1793 757 1866 FranciscO,
806 1791 1106 1851 Gallorum
1164 1793 1432 1870 regibus3
1494 1794 1670 1853 huius
1725 1801 1884 1854 certe
1929 1812 2138 1853 versus
2191 1796 2264 1854 ab

338 1894 397 1934 15
434 1882 509 1940 iis
563 1882 681 1958 legi
734 1887 1007 1958 possunt,
1064 1882 1166 1958 qui
1221 1883 1349 1941 eius
1394 1884 1604 1942 aetatis
1649 1883 1923 1942 historias
1967 1885 2066 1942 vel
2111 1883 2264 1952 scire

434 1971 531 2029 vel
578 1971 831 2030 scribere
877 1966 1097 2030 volunt.
1176 1970 1391 2030 Parum
1435 1973 1582 2030 mihi
1628 1978 1993 2048 compertum
2038 1978 2146 2046 est,
2191 1991 2266 2031 an

434 2059 764 2120 Saranchus
808 2059 922 2119 iste
967 2059 1145 2119 huius
1190 2061 1375 2121 nostri
1401 2058 1702 2139 Baptistae
1747 2061 2031 2121 Saranchi
2070 2061 2266 2139 aliqua

433 2150 610 2208 fuerit
639 2150 1139 2226 consanguinitate
1157 2150 1538 2229 propinquus,
1569 2151 1668 2228 qui
1697 2150 1762 2209 in
1778 2152 1964 2210 nostri
1982 2151 2264 2228 principis

434 2238 679 2314 collegio
734 2244 1009 2316 quattuor
1062 2238 1325 2310 virorum
1378 2260 1415 2299 a
1469 2240 1712 2300 secretis
1780 2246 1841 2299 et
1893 2240 2053 2299 idem
2114 2240 2265 2298 sacri

330 2338 397 2380 ·20
436 2327 635 2386 scrinii
675 2329 1015 2404 'praefectus
1062 2334 1153 2388 est
1215 2335 1276 2388 et
1329 2330 1551 2388 nemini
1605 2330 1897 2389 secundus
1941 2329 2005 2386 in
2050 2329 2264 2386 tabulis

432 2417 683 2492 publicis
731 2417 1123 2476 conficiendis,
1190 2417 1303 2491 Qui
1347 2424 1547 2478 tamen
1589 2424 1677 2477 tot
1712 2436 1782 2477 ac
1809 2410 1986 2476 tantis
2014 2417 2264 2492 negotiis

434 2523 618 2580 paene
678 2506 921 2564 obrutus
976 2524 1093 2564 non
1150 2506 1298 2564 nihil
1355 2507 1669 2583 aliquando
1723 2506 2028 2565 relaxandi
2085 2505 2265 2564 animi

435 2594 623 2668 gratia
668 2611 731 2652 se
768 2593 957 2652 Musis
1002 2595 1494 2654 mansuetioribus
1539 2595 1754 2655 dedere
1794 2596 1942 2654 solet
1968 2600 2028 2654 et
2056 2612 2264 2653 versus

434 2683 628 2741 facere
694 2688 754 2741 et
816 2683 1037 2741 alienos
1100 2683 1351 2742 libenter
1409 2685 1626 2759 legere.
1725 2683 1971 2759 Legitur
2033 2702 2265 2762 quoque

332 2782 398 2823 :25
434 2770 702 2829 Marcelli
770 2771 1097 2847 Palingenii
1161 2772 1387 2831 Stellati
1459 2773 1608 2831 liber
1675 2774 2014 2831 hexametro
2087 2791 2264 2831 versu

334 2871 436 2925 2195]
498 2860 880 2935 conscriptus,
910 2861 1007 2919 cui
1040 2854 1045 2944 Ι
1078 2861 1284 2919 titulus
1314 2865 1408 2918 est
1434 2861 1719 2919 Zodiacus
1747 2861 1916 2935 vitae,
1955 2861 2264 2920 duodecim

434 2948 829 3007 voluminibus
885 2949 1177 3024 digestus,
1235 2945 1487 3025 quorum
1541 2949 1790 3024 singulis
1843 2950 2050 3009 titulus
2095 2956 2187 3009 est
2230 2970 2264 3009 a

434 3038 666 3095 nomine
712 3038 982 3097 caelestis
1021 3038 1189 3113 signi,
1234 3038 1317 3097 ita
1355 3043 1423 3095 ut
1459 3038 1614 3097 aries
1641 3039 1830 3114 primo
1857 3044 2262 3116 praeponatur,

436 3144 585 3201 opus
631 3126 857 3185 varium
902 3112 1225 3203 multisque
1270 3128 1447 3186 rebus
1491 3127 1563 3185 ad
1593 3128 2057 3197 constituendam
2084 3128 2262 3187 vitam

332 3226 399 3267 :30
436 3214 677 3273 minime
721 3216 1013 3274 idoneum.
1106 3215 1275 3289 Quod
1320 3216 1434 3275 nisi
1479 3216 1732 3295 principi
1777 3222 1974 3276 nostro
2021 3217 2263 3275 Herculi

433 3303 695 3378 Estensi,
743 3304 794 3362 si
840 3305 1032 3363 minus
1077 3305 1243 3363 vobis
1289 3305 1482 3380 placet
1527 3305 1819 3378 AtestinO,
1865 3311 2263 3381 nuncupatum

432 3393 607 3465 foret,
664 3392 791 3451 eius
846 3393 1085 3451 minime
1143 3394 1569 3469 meminissem3
1631 3413 1766 3453 nam
1827 3399 1887 3452 et
1945 3398 2077 3469 post
2135 3394 2262 3451 eius

432 3488 684 3554 mortem
742 3481 804 3539 in
865 3482 991 3539 eius
1048 3482 1271 3541 cineres
1329 3482 1618 3541 saevitum
1674 3488 1765 3541 est
1819 3484 1890 3541 ob
1946 3482 2262 3558 impietatis

436 3571 675 3629 crimen.
742 3570 1154 3646 Superioribus
1200 3572 1369 3630 annis
1417 3572 1639 3629 editum
1683 3572 1796 3630 fuit
1833 3590 1980 3647 opus
2010 3571 2263 3630 carmine

332 3672 397 3711 35
436 3660 833 3735 conscriptum
904 3659 1139 3718 Ioannis
1212 3660 1429 3719 Mariae
1492 3660 1770 3718 'Velmatii
1843 3660 2113 3718 Flaminii
2188 3661 2262 3719 de

1882 3761 1942 3815 6*
