2796 4185
1015 394 1344 448 Grmmvs,
1385 395 1463 434 m:
1506 395 1721 436 Pon-ns.
2252 379 2331 436 15

499 589 710 646 parum
751 570 924 648 aequi
977 571 1098 630 sint
1147 571 1567 644 aestimatore&
1626 555 1745 630 non
1786 571 1906 631 illis
1963 577 2161 632 tamen
2205 573 2334 649 ipse

497 660 832 732 eoneedam,
889 661 950 718 ni
1009 661 1250 720 meliora
1308 661 1403 719 vel
1460 661 1577 737 ipsi
1630 661 1873 720 fecerint
1924 661 2023 720 vel
2078 662 2153 720 ab
2205 661 2335 720 aliis

501 749 654 807 faeta
695 743 1012 820 atnilerint,
1056 749 1120 809 id
1163 749 1322 826 quod
1351 749 1429 808 ad
1454 751 1607 809 hano
1634 750 1763 826 ipse
1788 749 1949 810 diem
1972 769 2089 810 non
2116 751 2335 810 vidisse

409 848 506 902 [19]
556 838 758 910 fateor,
817 837 930 896 nisi
983 837 1037 896 si
1090 839 1225 915 quis
1277 839 1519 898 fratrem
1568 833 1575 921 Ι
1626 845 1813 912 tuum,
1870 839 2005 914 Iuli,
2058 839 2333 898 Iaeobum

437 939 464 980 5
501 926 840 986 Sadoletum
892 927 1180 1000 attulelit,.
1221 927 1392 986 cuius
1436 933 1703 1003 poemata
1746 927 2031 1002 Laocoon,
2077 928 2333 1002 CurtiuS,

500 1033 611 1074 neo
653 1034 770 1073 non
821 1015 928 1074 otii
971 1020 1032 1074 et
1075 1016 1515 1092 tranquillitatis
1550 1035 1789 1076 carmen
1812 1017 2141 1078 mirabilem
2174 1017 2334 1076 illius

500 1104 846 1179 gravitatem
887 1123 958 1162 ac
1002 1105 1360 1180 singularem
1404 1105 1753 1165 modestiam
1796 1105 2109 1179 declamat,
2156 1125 2333 1182 quem

501 1193 562 1251 in
607 1193 718 1252 hae
759 1193 1036 1252 facultate
1077 1201 1372 1254 auxenmt
1414 1200 1475 1253 et
1518 1195 1743 1271 reliqua
1782 1196 2081 1254 bonarum
2120 1195 2335 1254 artium

499 1289 562 1341 et
619 1282 936 1358 sapientiae
995 1283 1214 1356 studia,
1272 1302 1425 1359 quae
1476 1285 1550 1342 ab
1608 1284 1942 1360 unguiculis
2002 1284 2105 1343 ille
2162 1285 2335 1360 pleno

413 1383 467 1424 10
503 1377 736 1446 pectore
779 1371 978 1430 hausit
1019 1372 1232 1448 (neque
1275 1373 1435 1431 enim
1476 1373 1539 1430 in
1574 1373 1902 1449 praesentia
1928 1374 2055 1432 eius
2084 1373 2333 1432 solutam

501 1459 832 1533 orationem,
887 1460 950 1518 iu
991 1479 1110 1537 qua
1147 1480 1328 1537 supra
1351 1467 1579 1521 eeteros
1604 1462 1859 1534 excellit,
1904 1463 2333 1538 commemoro),

501 1548 597 1606 vel
654 1567 794 1607 cum
841 1551 1022 1608 iratre
1065 1557 1168 1608 tuo
1211 1552 1457 1610 Petrum
1500 1551 1793 1610 Bembum
1832 1551 2109 1624 attulerit,
2164 1552 2334 1610 euius

503 1637 648 1696 mira
693 1637 794 1696 illa
835 1638 950 1697 fuit
991 1657 1225 1716 semper
1267 1641 1331 1698 in
1373 1640 1672 1700 imitandis
1718 1640 1956 1716 optimis
2001 1641 2334 1700 auctoribus

503 1733 626 1784 tam
649 1726 877 1786 Latinis
921 1747 1098 1804 quam
1134 1729 1461 1788 vernaculis
1504 1729 1769 1803 felicitas,
1814 1735 1881 1789 ut
1906 1747 2021 1789 non
2046 1729 2335 1788 Bembum

413 1826 468 1866 15
503 1814 852 1891 plerumque
895 1815 1246 1893 loquentem,
1289 1819 1396 1878 sed
1442 1837 1621 1896 quem
1666 1818 1769 1877 ille
1814 1819 1925 1878 sibi
1952 1819 2334 1895 proposuerit,

501 1903 600 1961 vel
655 1904 858 1964 audine
899 1905 993 1964 vel
1051 1906 1247 1982 legere
1289 1907 1619 1967 videamini.
1711 1908 1828 1968 Sed
1882 1914 2213 1985 utrumque,
2270 1913 2336 1966 ut

506 1992 688 2065 scitis,
745 2012 781 2051 a
835 1994 1163 2054 litterarum
1209 1996 1421 2056 studiis
1490 1997 1849 2058 incredibilis
1922 1997 2209 2074 quaedam
2276 1997 2334 2054 in

503 2081 797 2142 studiosos
875 2083 1090 2143 Leonis
1145 2085 1226 2146 X.
1301 2086 1703 2147 benevolentia
1772 2087 2009 2146 seduxit
2088 2086 2332 2161 invitos;

500 2172 703 2230 ambos
737 2173 896 2231 enim
925 2174 1035 2232 sibi
1079 2176 1275 2235 statim
1311 2195 1348 2235 a
1381 2176 1667 2252 principio
1696 2176 1791 2235 sui
1818 2176 1983 2251 regni
2009 2176 2083 2234 ad
2113 2180 2335 2235 secreta

407 2271 465 2313 20
499 2267 560 2320 et
615 2279 828 2320 areana
883 2262 1108 2323 aseivit.
1195 2264 1351 2325 Sunt
1391 2265 1439 2323 ii
1480 2265 1721 2341 quidem
1774 2265 1909 2338 duo,
1964 2265 2017 2325 si
2062 2264 2334 2325 subtilius

499 2350 868 2410 considerare
919 2352 1186 2426 velimus,
1243 2360 1489 2431 uterque
1543 2355 1606 2413 in
1656 2372 1768 2413 suo
1822 2354 2068 2414 canendi
2121 2372 2333 2430 genere

501 2439 734 2513 summi,
779 2440 860 2499 ita
905 2446 971 2500 ut
1001 2460 1183 2517 queas
1213 2460 1316 2501 eos
1346 2444 1433 2502 sie
1462 2444 1743 2516 sonions,
1786 2461 1965 2519 quem
1990 2443 2067 2502 ad
2094 2443 2335 2502 modum

499 2527 581 2586 M.
627 2527 854 2587 Tullius
907 2530 1058 2589 duos
1115 2531 1248 2590 illos
1307 2550 1572 2591 summos
1626 2538 1885 2592 oratores
1936 2532 2006 2590 L.
2054 2531 2333 2591 Crassum

501 2622 561 2675 et
585 2617 666 2675 M.
693 2619 1030 2692 Antonium,
1075 2620 1178 2697 qui
1217 2621 1286 2679 in
1327 2621 1550 2697 dispari
1592 2621 1831 2680 dicendi
1872 2639 2087 2697 genere
2131 2639 2333 2697 parem

407 2718 464 2758 25
500 2705 748 2781 gloriam
791 2712 852 2766 et
895 2707 1130 2768 laudem
1175 2710 1374 2785 adepti
1418 2711 1601 2769 fuere.
1671 2710 1749 2769 Et
1792 2710 2031 2787 quidem
2060 2710 2332 2783 BembuS,

499 2799 568 2853 ut
609 2795 946 2855 Ennianum
989 2815 1223 2857 earmen
1268 2817 1567 2875 usurpem.

591 2883 894 2961 Tanquam
937 2887 1047 2945 fios
1101 2886 1390 2947 delibatus
1435 2888 1637 2964 populi
1683 2888 2015 2965 suadaeque
2060 2888 2331 2947 medulla.

497 2972 646 3032 Eius
689 2974 848 3032 enim
891 2975 1166 3050 earmina,
1223 2977 1316 3036 vel
1359 2977 1570 3037 Latina
1617 2977 1709 3039 vel
1754 2977 2082 3051 vernacula,
2120 2976 2331 3049 dulcia,

499 3062 696 3121 mollia
741 3068 801 3123 et
845 3063 1116 3140 delicata3
1169 3071 1232 3124 at
1276 3066 1602 3141 Sadoletus‚
1656 3072 1932 3144 tanquam
1990 3066 2243 3143 quidam·
2274 3072 2333 3124 et

405 3163 463 3205 30
498 3152 775 3212 robustus
830 3159 892 3213 et
943 3153 1136 3227 fortis,
1195 3172 1407 3215 versus
1466 3174 1700 3232 graveS‚
1755 3156 1971 3229 euhoe,
2024 3161 2087 3215 et
2140 3155 2334 3231 opima

499 3241 754 3317 quadam
809 3242 988 3302 totius
1043 3244 1302 3319 eorporis
1346 3245 1684 3305 habitudine
1730 3251 1789 3304 et
1833 3246 2020 3304 forma
2062 3243 2331 3303 oonoinit.

500 3328 692 3403 Quare
737 3349 807 3390 eo
851 3332 1040 3408 magis
1081 3334 1296 3392 mirum
1323 3339 1433 3407 est,
1453 3384 1457 3391 .
1480 3335 1637 3411 quod
1660 3333 1807 3393 adeo
1832 3334 1933 3393 ille
1960 3352 2099 3393 suos
2126 3350 2333 3392 versus

381 3476 400 3495 „
501 3420 866 3496 supprimere
909 3427 1156 3481 conetur
1196 3426 1256 3481 et
1301 3424 1697 3498 pessumdare.
1757 3423 2016 3495 Memini,
2060 3441 2208 3499 cum·
2225 3438 2332 3479 nos

499 3508 904 3569 adulescentes
948 3528 1233 3583 essemus,
1279 3511 1451 3570 illum
1494 3512 1649 3571 elam
1686 3511 1985 3587 ingeniosa
2011 3510 2183 3569 valde
2209 3510 2331 3586 epi-

405 3609 462 3651 35
503 3608 590 3663 [20]
629 3605 949 3673 grammata
981 3618 1328 3677 componere
1357 3600 1595 3659 solitum
1618 3619 1704 3673 ea,
1735 3618 1884 3677 quae
1913 3600 2023 3659 sibi
2049 3600 2167 3658 Ro-
2196 3593 2205 3682 Ι
2236 3617 2333 3657 ma
