2796 4185
448 419 529 476 58

1060 433 1381 487 emamvs,
1427 435 1504 474 nn
1547 433 1762 475 Porcus,

427 605 434 610 ’
534 611 767 687 cagnini
813 629 985 671 usus·
1016 617 1132 684 est,
1190 611 1294 670 sed
1347 611 1411 669 in
1455 611 1660 687 primis
1705 611 1867 669 Petri
1895 610 2134 670 Antonii
2160 609 2374 670 Actioli

533 707 593 758 et
636 700 695 758 N
694 700 871 759 icolai-
907 699 1185 773 Iacobeli,
1247 700 1524 759 causidici
1570 699 1788 758 eximii.
1875 699 2188 758 Nicolaum
2234 717 2372 758 vero

533 789 925 862 Paniciatum,
989 789 1183 848 virum
1242 791 1493 865 pro-bum
1545 794 1606 847 et
1658 789 1898 848 doctum
1955 793 2133 864 atque
2195 788 2372 847 etiam

533 885 768 954 poetam
794 885 1133 951 nostratem,
1182 879 1283 954 qui
1310 879 1410 936 hic
1436 877 1670 953 publice
1701 877 2101 954 profitebatur,
2135 893 2374 936 aversa-

472 981 497 1020 ὀ
536 968 730 1040 batur,
807 967 963 1044 quod
1028 967 1314 1026 austerior
1381 985 1520 1026 cum
1582 975 1877 1026 sermone·
1909 973 2037 1025 tum
2113 966 2374 1026 moribus

446 1424 497 1464 10

533 1056 845 1116 videretur:
910 1055 1134 1114 Eodem
1164 1055 1428 1114 Hermici
1455 1061 1720 1132 tempore
1749 1055 2087 1115 Ludovicus
2115 1054 2372 1128 Tensira,

536 1145 627 1202 vir
671 1145 882 1204 nobilis
928 1150 988 1202 et
1032 1144 1297 1203 eruditus
1325 1144 1620 1204 Ferrariae
1667 1145 2150 1217 commorabatur,
2195 1161 2370 1220 quem

535 1244 739 1292 omnes
813 1233 977 1292 urbis
1040 1233 1339 1309 principes
1401 1240 1642 1309 propter
1702 1233 1830 1292 eius
1892 1233 2252 1292 nobilitatem
2314 1239 2375 1292 et

535 1341 763 1380 morum
842 1323 1191 1382 suavitatem
1275 1324 1562 1381 amabant.
1673 1322 2014 1398 Discipulus
2089 1322 2188 1380 hic
2262 1321 2375 1379 fuit

538 1411 867 1470 Florentiae
913 1411 1201 1484 Politiani,
1245 1412 1344 1470 ubi
1389 1411 1687 1487 Hispanas
1729 1417 1790 1470 et
1833 1411 2146 1470 Lusitanas
2165 1445 2171 1456 ·
2191 1410 2374 1470 caeri-

534 1501 760 1558 monias
862 1519 997 1560 cum
1075 1500 1301 1559 deliciis
1385 1507 1448 1560 et
1530 1500 1819 1576 elegantia
1907 1499 2373 1558 Florentinorum

534 1589 949 1648 coniunxerat)
1026 1588 1203 1662 ‘Quae
1240 1593 1388 1648 'cum
1429 1589 1558 1664 ipse
1601 1589 1913 1662 dixissem,
1971 1586 2036 1648 ‘O
2081 1588 2374 1646 infelicem

474 1687 479 1694 “
538 1678 871 1751 hominem‘,
916 1678 1108 1754 inquit
1142 1678 1437 1752 ¹Didaeus,
1500 1678 1616 1754 ‘qui
1661 1684 1784 1736 tam
1827 1677 2002 1752 longa
2045 1681 2106 1735 et
2150 1677 2375 1736 diutina

538 1767 1005 1843 peregrinatione
1048 1773 1137 1826 tot
1168 1767 1418 1826 virtutes
1465 1767 1712 1843 adeptus
1758 1772 2098 1843 tantamque
2142 1784 2374 1824 morum

472 1869 499 1909 5
538 1857 886 1914 suavitatem
960 1857 1023 1914 in
1086 1862 1244 1914 terra
1322 1856 1513 1932 patria
1560 1862 1700 1915 atra
1761 1856 1877 1915 bile
1940 1856 2014 1914 ob
2073 1855 2374 1930 repulsam

478 1973 483 1978 ·
536 1945 752 2004 summi
808 1945 1184 2020 magistratus
1228 1945 1341 2004 sibi
1382 1964 1421 2003 a
1469 1946 1592 2004 suis
1637 1945 1872 2019 regibus
1903 1945 2165 2017 tactam,
2225 1961 2374 2020 quos

538 2033 753 2111 partim
816 2035 1253 2107 honestaverat,
1317 2034 1532 2111 partim
1607 2033 1784 2092 etiam
1847 2033 2026 2109 regiis
2089 2032 2373 2090 instituitis

536 2125 775 2196 aluerat,
824 2129 1129 2198 correptus
1174 2123 1299 2181 ruri
1344 2139 1452 2182 suo
1497 2123 1654 2183 vitae
1697 2124 1874 2183 finem
1919 2122 2170 2199 accepit!
2235 2121 2374 2181 Fuit

534 2218 595 2271 et
638 2212 819 2269 Arius
864 2212 1122 2271 Barbose
1168 2218 1341 2287 poeta
1382 2212 1732 2286 Lusitanus,
1787 2213 1892 2289 qui
1943 2212 2006 2271 in
2050 2211 2218 2272 Italia
2263 2212 2372 2269 sub

534 2301 742 2359 eodem
789 2300 1075 2359 Politiano
1134 2300 1501 2376 politioribus
1555 2300 1766 2359 litteris
1825 2318 2062 2377 operam
2107 2300 2282 2359 'dedit-
2313 2306 2376 2359 et

536 2389 762 2465 primus
838 2387 1092 2449 Graecas
1184 2390 1409 2449 litteras
1479 2390 1543 2447 in
1606 2390 1954 2467 Hispaniam
2021 2390 2246 2449 invexit
2315 2395 2376 2447 et

536 2478 910 2537 Salamancae
930 2478 1135 2553 viginti
1163 2496 1347 2537 annos
1365 2479 1602 2555 publice
1627 2480 1808 2539 bonas
1827 2479 2054 2537 litteras
2071 2479 2374 2555 professus

535 2573 643 2625 est.
735 2566 889 2625 Huic
946 2567 1199 2625 moriens
1245 2568 1538 2626 Antonius
1582 2567 1990 2627 Nebrisseneis
2045 2585 2222 2643 opera
2267 2584 2374 2625 sua

478 2666 485 2672 '
536 2655 874 2731 castiganda
900 2662 1271 2715 testamento
1314 2656 1568 2733 reliquita
1603 2656 1886 2717 ‘Exstant
1929 2656 2058 2715 eius
2105 2660 2375 2731 poemata

472 2758 500 2799 5
537 2745 772 2821 publice
817 2744 975 2803 edita
1002 2746 1160 2821 apud
1192 2746 1506 2821 Hispanos,
1554 2764 1704 2822 quae
1731 2751 1793 2804 et
1819 2745 2109 2820 leguntur
2131 2749 2191 2803 et
2215 2744 2374 2821 apud

536 2852 638 2892 eos
664 2857 669 2867 ·
698 2834 999 2893 habentur.
1100 2834 1209 2893 Est
1262 2841 1323 2893 et
1373 2835 1449 2893 D.
1495 2834 1748 2894 Michael
1793 2834 2011 2893 Silvius
2067 2833 2374 2893 cardinalis

504 2922 811 2981 -V-ioensis
845 2921 1200 2996 LusitanuS,'
1229 2923 1331 3000 qui
1374 2924 1437 2983 in
1481 2923 1656 2983 Italia
1698 2924 1801 2981 diu
1845 2929 2114 2985 versatus
2157 2922 2374 2987 litteris

536 3010 707 3070 Senis
761 3011 819 3071 in
864 3010 1100 3071 Etruria
1157 3031 1396 3088 operam
1453 3013 1642 3086 dedit,
1701 3020 1842 3071 m’ox
1862 3012 2133 3090 ‘Romam
2185 3030 2222 3071 a
2267 3026 2373 3069 suo

533 3118 675 3175 rege
716 3105 907 3159 orator
944 3100 1165 3159 missus
1192 3100 1393 3161 Leone
1421 3108 1482 3160 et
1509 3102 1808 3161 Clemente
1827 3101 2108 3159 Mediceis
2141 3100 2374 3176 pontifi-

445 3202 499 3243 30
535 3188 700 3247 cibus
727 3188 1152 3263 imperantibus
1171 3205 1184 3215 ⁸
1198 3208 1313 3247 non
1341 3191 1515 3249 modo
1543 3196 1770 3251 ceteras
1792 3189 2134 3265 disciplinas
2180 3188 2286 3247 sed
2315 3196 2376 3247 et

477 3301 485 3311 x

520 3278 827 3353 poeticam
870 3276 1077 3335 vivens
1104 3278 1315 3337 'adhue
1360 3280 1607 3354 excolit3
1653 3279 1716 3337 in
1759 3279 2194 3354 amplissimum
2238 3295 2374 3335 vero

448 3377 535 3431 [68]
588 3366 851 3427 ordinem
906 3360 912 3447 Ι
965 3386 1001 3424 a
1035 3366 1227 3425 Paulo
1243 3367 1353 3427 III.
1392 3368 1668 3443 pontifice
1705 3367 1970 3427 maximo·
1999 3367 2222 3427 accitus
2265 3373 2372 3439 est,

536 3474 744 3531 parum
771 3455 911 3514 licet
936 3455 1065 3530 ⁴regi
1093 3455 1155 3513 in
1186 3456 1297 3515 hac
1326 3456 1612 3531 dignitate
1640 3462 1860 3531 gratus
1923 3456 2078 3515 Volo
2105 3456 2284 3529 vobiS,
2324 3456 2374 3514 si

535 3544 729 3619 placet
746 3542 965 3617 audire,
989 3544 1179 3620 ipsius
1199 3545 1562 3621 epigramma
1577 3544 1842 3617 recitare,
1874 3546 2031 3621 quod
2053 3544 2110 3605 S.
2131 3544 2195 3604 P.
2215 3544 2284 3619 Q.
2304 3545 2372 3604 R.

444 3646 499 3686 35
536 3633 633 3691 his
652 3633 859 3691 diebus
887 3632 1143 3709 insculpi
1159 3634 1347 3693 ‘voluit
1362 3634 1424 3691 in
1447 3633 1731 3710 Capitolio
1751 3635 1862 3693 sub
1889 3634 2138 3710 repertis
2157 3632 2374 3693 tabulis
