2796 4185
500 438 581 496 82
1016 463 1035 476 κ
1100 453 1423 508 GYRAans,
1469 455 1543 494 m:
1587 453 1800 496 Pon-ns.

582 632 989 692 Sebastianum
1042 649 1276 709 quoque
1332 631 1657 690 Corradum
1709 631 2062 708 Regiensem
2121 633 2233 691 hoc
2287 633 2416 690 loco

582 723 1070 794 commemorabo,
1118 721 1171 779 si
1217 720 1458 797 quidem
1503 739 1643 779 vera
1691 726 1853 794 sunt,
1901 739 2052 797 quae
2097 720 2243 779 mihi
2287 722 2416 780 eius

582 810 823 886 quidam
880 810 1158 886 discipuli
1212 811 1492 868 rettulere
1548 815 1610 868 et
1661 828 1814 887 quae
1857 809 1965 868 tibi
2011 828 2118 868 sua
2161 810 2418 886 epistula

584 898 836 975 scripsit,
882 899 945 956 in
990 917 1107 975 qua
1152 898 1561 974 Vergilianum
1605 898 1756 957 inud
1799 905 2079 975 usurpat:

519 999 545 1041 5
761 988 912 1047 Sunt
956 993 1017 1046 et
1060 988 1207 1045 mihi
1253 988 1528 1060 carmina,
1575 1005 1672 1046 me
1717 1005 1954 1064 quoque
2000 993 2193 1047 vatem

704 1093 711 1100 ’
760 1075 1035 1135 Pastores
1081 1076 1301 1134 dicunt.

582 1163 752 1237 Quod
812 1165 989 1224 etiam
1047 1171 1116 1223 ut
1173 1165 1407 1223 facilius
1467 1165 1728 1239 credam,
1792 1165 1934 1224 facit
1987 1165 2117 1224 eius
2182 1183 2418 1225 carmen

581 1255 952 1330 phalaecium
980 1254 1058 1312 ad
1084 1259 1161 1326 te,
1191 1253 1324 1328 Lili,
1366 1253 1633 1327 missum,
1671 1255 1830 1330 quod
1860 1255 2008 1312 mihi
2043 1259 2102 1313 et
2129 1255 2418 1314 Phaletho

581 1341 769 1400 Iulius
816 1343 1093 1418 princeps
1141 1342 1458 1402 Scandiani
1511 1343 1786 1402 ostendit.
1879 1342 1997 1402 Sed
2042 1344 2312 1420 nunquid
2357 1350 2418 1402 et

494 1443 544 1485 10
582 1431 847 1489 Marcum
886 1431 1206 1490 Antonium
1257 1432 1643 1508 Maioragium
1703 1449 1860 1490 nunc
1909 1431 2417 1508 praetermittam?

582 1519 712 1593 Qui,
741 1525 810 1578 ut
838 1520 1019 1594 scitis,
1048 1525 1317 1596 paratum
1346 1521 1524 1579 habet
1551 1521 1873 1598 ingenium,
1907 1521 1982 1579 ad
2011 1539 2416 1600 quaecumque

579 1609 837 1667 animum
898 1609 1174 1683 intendit,
1245 1616 1531 1687 ornatque
1591 1627 1656 1668 se
1713 1610 2042 1686 peregrinis
2099 1629 2170 1668 ac
2225 1616 2416 1669 trans-

580 1698 820 1756 marinis
867 1698 1196 1773 disciplinis
1243 1699 1430 1757 labori
1483 1699 1728 1757 minime
1772 1716 2052 1775 vparcenS,
2108 1704 2169 1757 et
2214 1715 2416 1775 quam-

580 1805 757 1862 quam
794 1805 915 1845 non
946 1787 1068 1844 vidi
1096 1787 1224 1845 eius
1253 1787 1375 1846 ulla
1403 1788 1662 1846 carmina
1692 1793 2100 1865 praeterquam
2127 1789 2414 1864 quaedam

492 1888 542 1929 15
579 1875 826 1934 iambica
881 1876 1091 1934 veneni
1144 1876 1344 1952 plena,
1381 1889 1553 1952 'quae
1608 1877 1670 1934 in
1725 1877 2078 1935 maledicum
2124 1876 2415 1953 quendam

580 1964 1053 2039 grammaticum,
1101 1965 1271 2023 cuius
1316 1965 1589 2024 manibus
1635 1983 1837 2041 parc0,
1886 1971 2310 2041 composuerat,
2357 1973 2417 2024 et

581 2053 921 2132 nuperrime
997 2053 1282 2131 quosdam
1354 2054 1639 2114 Etruscos
1716 2055 2051 2131 rhythmOS,
2135 2071 2282 2131 quos
2354 2055 2415 2113 in

578 2143 905 2219 principem
949 2143 1294 2219 Hispaniae,
1340 2144 1611 2202 Caesaris
1657 2144 1875 2216 filium,
1931 2143 2218 2218 condidit,
2280 2162 2416 2203 cum

578 2231 895 2289 Mediolani
924 2231 1265 2290 divertisset
1298 2232 1362 2289 in
1389 2232 1606 2307 Belgas
1635 2233 1710 2291 ad
1747 2238 1975 2309 patrem
2002 2234 2413 2309 proficiscens3

489 2332 543 2373 20
578 2338 657 2378 ex
711 2320 925 2397 quibus
978 2320 1205 2395 liquido
1258 2325 1421 2397 patet
1473 2340 1589 2380 non
1652 2322 1848 2379 minus
1905 2322 2162 2381 carmine
2217 2311 2416 2381 valere

579 2426 752 2484 posse
808 2426 987 2485 quam
1042 2408 1232 2467 soluta
1286 2410 1561 2469 oratione.
1639 2410 1865 2469 Verum
1911 2412 2020 2469 hos
2066 2416 2210 2484 treS,
2266 2429 2415 2487 quos

581 2498 754 2555 modo
803 2497 1269 2570 commemoravi,
1316 2517 1351 2556 a
1376 2499 1604 2574 poetica
1630 2500 1804 2575 plane
1832 2500 2157 2558 excolenda
2184 2500 2416 2575 publice

578 2590 849 2645 auctores
894 2586 1322 2663 interpretandi
1367 2605 1583 2646 munus
1621 2592 1680 2646 et
1706 2588 2082 2671 praelegendi
2123 2606 2242 2646 non
2267 2589 2417 2647 nihil

580 2692 859 2734 avocasse
922 2675 1115 2734 videri
1185 2680 1413 2752 potest,
1478 2676 1708 2751 primus
1780 2676 1938 2735 enim
2010 2674 2193 2751 Pisis,
2266 2678 2417 2736 alter

489 2775 541 2817 25
579 2763 898 2838 Bononiae,
945 2764 1156 2823 tertius
1202 2765 1522 2823 Mediolani
1567 2766 1887 2841 profitetur.
1979 2765 2095 2825 Sed
2139 2766 2248 2824 has
2294 2772 2416 2825 tres

580 2853 769 2911 cultas
832 2854 1067 2911 arbores
1132 2858 1193 2912 et
1246 2854 1397 2913 bene
1470 2854 1726 2913 consitas
1788 2855 1852 2912 in
1915 2855 2042 2913 dies
2107 2873 2416 2931 speramus

577 2941 875 3000 uberiores
904 2947 965 3000 et
991 2943 1254 3000 volemos
1281 2944 1512 3001 fructus
1541 2943 1814 3002 edituras.
1862 2943 2157 3019 Ignoscite
2186 2944 2416 3002 luxuri-

578 3030 698 3088 anti
729 3030 867 3088 huic
894 3048 1027 3089 meo
1058 3032 1343 3089 sermoni:
1374 3050 1452 3089 ex
1483 3032 1664 3090 nimia
1695 3032 1853 3091 enim
1884 3032 2174 3109 processit
2200 3033 2415 3091 amoris

577 3118 956 3192 abundantia,
1015 3138 1132 3195 qua
1187 3120 1322 3178 illos
1377 3121 1451 3178 ob
1507 3139 1710 3179 eorum
1763 3123 2067 3197 praeclara
2113 3121 2309 3181 studia
2352 3122 2415 3180 in

488 3219 543 3261 30
582 3218 668 3273 [94]
732 3208 831 3265 bo·
881 3204 890 3287 Ι
938 3208 1033 3266 nis
1094 3208 1317 3267 artibus
1374 3226 1725 3286 prosequor3
1785 3210 1904 3269 iam
1959 3211 2078 3268 iam
2139 3210 2202 3268 in
2260 3212 2414 3269 viam

576 3296 774 3355 rede0.
874 3296 1271 3372 Hieronymus
1331 3316 1472 3357 vero
1540 3298 1864 3372 QuercenS,
1930 3317 2008 3357 ex
2069 3300 2292 3358 familia
2355 3306 2416 3358 et

578 3403 793 3460 genere
825 3386 965 3444 Iulii
991 3386 1088 3460 Π.,
1134 3386 1432 3462 pontificis
1462 3388 1724 3461 maximi,
1752 3388 1856 3464 qui
1899 3387 1959 3444 in
1987 3388 2199 3463 puerili
2227 3394 2415 3447 aetate

576 3474 927 3533 miraculum
990 3475 1155 3534 visus
1218 3481 1311 3534 est
1370 3475 1433 3534 in
1497 3476 1656 3534 omni
1717 3476 2114 3535 doctrinarum
2177 3495 2412 3551 genere,

579 3562 768 3620 Ticini
797 3568 858 3621 et
886 3563 1025 3621 alibi
1054 3569 1115 3622 et
1140 3564 1377 3640 publice
1408 3565 1704 3641 peroravit
1733 3571 1793 3623 et
1823 3565 2060 3623 diversa
2087 3566 2411 3624 carminum

488 3662 541 3703 35
579 3652 864 3728 opuscula
894 3653 1242 3729 composuit,
1282 3670 1398 3711 non
1429 3654 1602 3712 modo
1631 3670 1810 3712 versu
1838 3654 2195 3728 hexametro,
2225 3655 2440 3730 lyrico·
