2796 4185
1026 424 1349 481 emminvs,
1392 425 1470 464 nn
1514 424 1727 466 rom-Is.
2253 408 2336 466 75

412 611 503 667 [86]
520 607 580 660 et
605 601 882 660 nonnulla
898 614 902 619 '
918 603 1043 660 suis
1068 602 1199 679 ipse
1216 619 1381 662 com·
1405 595 1414 685 Ι
1436 601 1735 662 mentariis
1769 608 1864 662 est
1896 601 2338 680 interpretatus,

504 690 693 765 Certe,
740 692 883 750 dum
900 691 1066 764 vixit,
1110 690 1329 750 multos
1353 691 1418 749 in
1446 691 1540 750 sui
1565 690 2006 750 admirationem
2032 690 2340 764 convertit,

502 797 649 856 quos
674 780 831 838 inter
857 785 939 854 tu,
968 780 1159 854 Porte,
1188 785 1249 838 et
1275 786 1358 854 tu,
1386 780 1568 853 Rieci,
1596 779 1809 852 fuistis„
1839 779 1940 856 qui
1967 784 2027 838 et
2055 779 2182 838 eius
2212 779 2336 854 epi-

427 868 432 874 '
499 869 765 944 taphium
793 870 907 929 hoc
932 869 1173 944 elegans
1202 868 1615 945 composuisti:
1647 868 1752 927 “D.
1786 869 1865 928 M.
1894 868 2044 926 Iulio
2074 867 2340 942 Camill0,

438 970 466 1010 5

409 1413 465 1455 10

409 1859 463 1900 15

408 2303 465 2347 20

503 957 627 1016 viro
673 963 733 1016 et
776 958 849 1015 ad
895 957 1091 1016 omnia
1135 957 1396 1018 omnium
1443 957 1816 1018 scientiarum
1863 975 2038 1016 sensa
2091 956 2340 1016 mirifice

502 1047 759 1104 eruenda
832 1052 892 1104 et
960 1047 1235 1106 scientiae
1293 1047 1454 1147 ipsas
1524 1047 1588 1104 in
1641 1065 1816 1106 suum
1875 1046 2141 1106 ordinem
2199 1050 2340 1122 apte

502 1135 937 1194 constituendas
998 1137 1207 1194 natura
1266 1136 1416 1194 mire
1473 1137 1650 1208 facte,
1712 1136 1788 1194 de
1843 1135 2066 1194 Latinis
2125 1135 2340 1193 litteris

502 1223 563 1281 in
624 1223 829 1300 primis
888 1225 1109 1300 optime
1168 1225 1404 1324 merito,
1470 1225 1598 1301 qui,
1659 1225 1804 1282 dum
1855 1223 2170 1284 Mediolani
2225 1225 2338 1282 sub

499 1313 719 1372 Davalo
765 1313 1021 1372 Histonii
1075 1313 1341 1390 principe
1384 1314 1456 1373 D.
1503 1313 1736 1372 Ioannis
1789 1331 2000 1372 arcana
2056 1312 2340 1371 divinitus

499 1407 901 1478 perscrutatus
929 1403 1235 1478 repentino
1263 1403 1422 1479 apud
1449 1402 1749 1461 dominum
1777 1402 2041 1462 Samium
2067 1407 2340 1460 mortuus

500 1491 765 1550 concidit.
844 1491 1033 1551 Vixit
1072 1509 1256 1551 annos
1311 1492 1340 1524 '¹‘
1360 1492 1389 1524 ’⁸‘
1410 1491 1476 1550 *.'
1569 1491 1732 1550 Tunc
1787 1491 1879 1550 his
1932 1510 1970 1550 a
2013 1509 2109 1549 me
2162 1490 2340 1549 dictis

498 1579 793 1656 aliquanto
836 1580 899 1638 in
942 1599 1037 1639 me
1082 1580 1355 1640 commoti
1398 1581 1612 1638 Portus
1658 1585 1720 1638 et
1762 1579 2026 1640 Riccius:
2076 1579 2339 1638 ‘Parcius

500 1673 692 1742 certe,
755 1669 895 1742 Lili,
960 1669 1037 1728 de
1095 1674 1257 1728 tanto
1312 1687 1383 1728 ac
1441 1669 1546 1728 tali
1603 1669 1732 1731 viro
1787 1668 1948 1745 loqui
2007 1665 2336 1740 debuisses,

503 1757 673 1817 cuius
716 1775 933 1816 nomen
971 1775 1081 1834 per
1106 1775 1340 1817 omnem
1368 1776 1556 1834 paene
1579 1757 1875 1834 Europam
1903 1757 2182 1816 diffusum
2210 1762 2316 1816 est.
2323 1756 2338 1782 '

500 1845 745 1923 [Quibus
808 1865 948 1922 ego:
1026 1849 1247 1923 Aequo
1320 1865 1526 1923 precor
1595 1848 1748 1906 ferte
1809 1847 2002 1904 animo
2057 1846 2130 1904 de
2181 1845 2337 1904 Iulio
2424 1909 2433 1919 ,

500 1929 760 1994 Camilln.
826 1935 945 1995 Sed
986 1936 1130 1996 libet
1173 1937 1286 1996 hoc
1330 1954 1566 2012 quoque
1608 1936 1736 1994 loco
1764 1935 1837 1994 (10
1864 1935 2120 2035 Egnatio
2140 1952 2334 1993 meam

499 2025 665 2084 vobis
709 2025 877 2084 fateri
906 2025 1229 2099 levitatem,
1275 2043 1349 2084 ne
1382 2025 1710 2084 stultitiam
1725 2025 1932 2099 dicam,
1977 2023 2080 2101 (1111
2106 2023 2338 2082 iuvenis

496 2114 769 2177 iuvenem
814 2115 1000 2189 illum,
1046 2121 1115 2174 ut
1158 2115 1406 2188 vidistis,
1453 2114 1644 2191 priore
1687 2114 1916 2189 dialogo
1960 2114 2024 2171 in
2067 2113 2334 2173 ordinem

498 2203 717 2279 redegi,
764 2204 1039 2263 nimirum
1086 2223 1295 2280 parum
1338 2203 1486 2263 mihi
1529 2204 1844 2279 cognitum.
1934 2202 2090 2261 Nam
2135 2208 2196 2263 et
2237 2202 2338 2261 hic

480 2297 697 2374 ‚noster
750 2293 1137 2352 Antimachus
1196 2312 1232 2351 a
1285 2292 1636 2369 quibusdam
1699 2292 1990 2368 impulsus
2046 2291 2336 2351 Graecum

428 2412 435 2419 -
498 2380 559 2439 in
602 2380 921 2457 Egnatium
981 2382 1342 2459 epigramma
1395 2382 1754 2441 virulentum
1800 2381 2140 2457 composuit.
2216 2379 2336 2440 Sed

407 2748 463 2791 25

498 2488 639 2529 mox
710 2476 931 2530 mutata
996 2471 1283 2531 sententia
1361 2478 1428 2531 ut
1481 2471 1582 2529 1110
1648 2471 1732 2529 010
1763 2488 1896 2545 ‚ego
1951 2488 2057 2545 pro
2112 2470 2336 2528 viribus

498 2558 739 2619 laudare
796 2560 1100 2635 constitui,
1164 2560 1323 2636 quod
1380 2566 1442 2619 et
1497 2560 1647 2619 meis
1693 2558 2056 2635 'quibusdam
2117 2559 2337 2617 hende-

500 2648 813 2723 casyllabis
858 2649 991 2723 feci,
1038 2666 1185 2725 quos
1230 2654 1291 2707 et
1334 2648 1660 2725 procuravi,
1707 2653 1774 2706 ut
1817 2648 1902 2705 illi
1945 2648 2339 2706 redderentur

502 2741 563 2795 et
604 2737 668 2795 in
714 2737 842 2797 eius
886 2756 1097 2797 manus
1142 2738 1411 2797 venirent
1454 2755 1562 2813 per
1609 2736 1872 2797 summae
1917 2736 2232 2795 nobilitatis
2275 2742 2338 2795 et

499 2825 857 2885 litteraturae
917 2826 1109 2885 virum
1163 2826 1484 2886 Herculem
1529 2825 1919 2884 Bentivolum.
1981 2823 2146 2897 Quae
2203 2843 2335 2883 mea

500 2915 785 2974 sententia
843 2922 911 2975 ut
964 2916 1232 2974 omnibus
1286 2920 1426 2975 nom
1471 2915 1571 2984 sit,
1631 2932 1794 2973 meos
1838 2914 2002 2990 ipsos
2045 2914 2336 2973 hendeca—

500 3004 774 3078 syllabos,
822 3010 890 3063 ut
930 3005 1214 3063 memoria
1256 3011 1450 3077 tenes,
1495 3004 1782 3063 recitabo:

712 3092 943 3168 Egnati,
989 3094 1173 3153 decus
1220 3093 1528 3169 utriusque
1571 3092 1808 3169 linguae

710 3182 907 3258 Atque
952 3182 1111 3241 idem
1154 3188 1321 3259 pater
1363 3182 1762 3255 eruditiorum,

711 3270 946 3331 Primus
990 3271 1052 3329 in
1097 3272 1325 3331 Veneta
1368 3273 1666 3347 professor
1711 3272 1872 3343 urbe,

711 3359 867 3419 Hinc
910 3366 971 3420 te
1016 3361 1187 3435 plebs
1232 3360 1371 3419 colit
1415 3366 1475 3419 et
1521 3360 1659 3419 colit
1705 3366 1960 3432 senatuS,

710 3448 955 3508 Externi
1003 3467 1237 3525 quoque
1282 3456 1343 3509 et
1388 3450 1550 3509 urbis
1594 3449 1865 3525 inquilini

710 3537 941 3614 Ecquid
984 3544 1053 3597 tu
1096 3556 1325 3598 memor
1366 3556 1432 3597 es
1479 3538 1638 3597 senis
1686 3536 1930 3611 Gyraldi

712 3626 874 3685 Dura
920 3627 1223 3687 arthritide
1268 3627 1386 3687 iam
1433 3620 1534 3685 diu
1579 3627 1813 3703 peresi?
