2796 4185
465 372 509 435 4
1075 393 1400 450 emove,
1445 395 1521 436 m:
1566 395 1779 438 remis.

415 607 422 614 ·
511 565 518 570 ’
554 571 800 630 libenter
851 571 917 630 in
973 571 1192 632 Gallias
1251 572 1561 649 proficisci·
1601 572 1774 633 videt.
1866 573 2022 647 Quin
2080 575 2291 651 potiuS,
2350 594 2391 634 o

473 687 484 692 ·
551 659 668 719 Lili
713 677 935 737 vosque
978 662 1325 721 Antimache
1381 667 1444 721 et
1496 662 1677 736 Ricci,
1734 668 2002 722 nostrum
2058 681 2391 722 sermonem

551 750 627 807 ad
671 749 785 808 alia
809 751 1254 810 convertamus.’
1321 751 1436 811 ‘Sic
1462 751 1779 826 iaciemus’,
1822 752 2079 829 inquam,
2116 757 2169 811 ‘o
2194 753 2391 826 Porte,

553 848 693 897 nam·
741 843 803 897 et
855 856 965 914 ego
1017 855 1175 900 nunc
1227 840 1401 916 longe
1444 839 1604 898 aliud
1650 841 1983 900 meditabar.
2047 841 2202 901 Nam
2246 859 2385 900 cum

490 939 516 979 ὃ
551 927 956 986 adulescentes
1001 927 1268 1006 plerique
1312 929 1558 988 studiosi
1602 946 1765 988 meos
1810 929 1884 988 de
1915 931 2103 1007 poetis
2130 931 2391 1007 antiquis

552 1016 814 1092 dialogos
854 1016 1175 1092 legissent,
1235 1019 1539 1094 rogabant,
1600 1024 1668 1078 ut
1722 1024 1982 1078 recentes
2036 1025 2096 1078 et
2154 1025 2390 1079 nostrae

551 1106 756 1163 aetatis
788 1105 1080 1182 huiusque
1110 1107 1415 1182 proximae
1442 1107 1757 1183 superioris
1783 1114 1983 1184 poeuis
2010 1109 2389 1184 conligerem,

552 1193 729 1270 idque
765 1212 900 1252 cum
927 1194 1056 1271 ipse
1077 1196 1271 1254 facere
1299 1213 1585 1273 nequeam
1610 1196 1915 1256 arthritide
1940 1198 2022 1256 ita
2049 1215 2389 1274 oppressus,

465 1294 527 1347 [7]
599 1287 664 1341 ut
683 1282 917 1356 videtis,
965 1289 1031 1342 ut
1075 1301 1150 1342 ne
1177 1285 1433 1362 -quidem
1478 1285 1540 1342 in
1586 1287 1827 1361 grabato
1871 1303 1966 1344 me
2010 1281 2224 1370 exon-1
2260 1292 2390 1345 tere

465 1385 516 1424 10
553 1371 774 1447 possim
820 1372 934 1430 nisi
979 1391 1014 1431 a
1055 1373 1293 1432 famulis
1347 1375 1599 1446 adiutus,
1658 1391 1840 1451 quare
1898 1392 2004 1433 vos
2060 1380 2390 1452 opportune

551 1466 612 1518 et
673 1461 971 1537 auspicato
1033 1462 1341 1521 advenisse
1404 1461 1774 1538 crediderim,
1844 1469 1911 1522 ut
1974 1464 2387 1523 succenturiati

554 1549 812 1608 subsidio
857 1549 1001 1608 mihi
1045 1567 1176 1610 esse
1207 1552 1447 1628 possitis
1474 1553 1729 1628 cupienti
1756 1553 2068 1627 gratificari
2097 1553 2391 1612 nobilibus

550 1638 1020 1698 adulescentibus
1073 1645 1135 1698 et
1191 1641 1306 1699 mei
1361 1641 1655 1715 studiosiS,
1715 1647 1890 1718 atque
1943 1660 2012 1700 ea
2066 1642 2123 1700 in
2179 1642 2390 1719 primis

550 1727 624 1786 de
651 1743 842 1802 causa,
871 1729 1028 1804 quod
1054 1729 1128 1788 de
1153 1730 1414 1788 externis
1440 1735 1500 1789 et
1526 1731 1847 1806 peregrinis
1874 1747 1943 1789 ac
1970 1731 2391 1790 recentioribus

367 1869 370 1872 .
464 1829 514 1868 15
549 1817 737 1893 poetis
781 1823 938 1876 esset
967 1818 1134 1876 -mihi
1187 1819 1512 1895 agendum3
1573 1837 1710 1878 nam
1768 1820 2161 1896 superioribus
2215 1820 2389 1879 annis

550 1905 623 1964 de
684 1899 852 1965 Italis
913 1912 975 1965 et
1031 1908 1386 1966 nostratibus
1446 1908 1575 1984 egi.’
1666 1908 1827 1967 Haec
1882 1925 2021 1967 cum
2080 1909 2387 1980 dixissem,

547 2011 684 2053 ecce
729 2013 878 2071 puer
924 1996 1106 2056 adest.
1153 1993 1316 2070 ‘Hic',
1353 1996 1559 2074 inquit,
1609 1995 1883 2056 ‘Didacus
1914 1997 2179 2072 Pyrrhus
2214 2003 2383 2074 poeta

467 2075 474 2094 ‘
548 2083 884 2158 Lusitanus,
932 2085 1032 2162 qui
1077 2086 1382 2146 intromitti
1428 2087 1592 2163 cupit
1634 2086 1879 2146 audiens
1922 2104 2029 2145 vos
2066 2087 2161 2146 hic
2190 2087 2388 2145 conlo·

549 2179 794 2249 quentes
839 2175 1195 2251 rogavitque,
1243 2182 1310 2234 ut
1337 2176 1765 2251 significarem.’
1842 2176 2081 2250 ‘Immo’,
2127 2176 2387 2253 inquam,

460 2274 513 2315 2⁰
551 2262 678 2336 ‘dic,
736 2269 804 2321 ut
856 2262 1132 2339 introeat3
1194 2263 1439 2323 libenter
1495 2266 1651 2323 enim
1706 2282 2028 2324 memorem
2086 2266 2383 2324 hominem

550 2351 921 2409 historiarum
982 2364 1052 2410 ac
1104 2350 1434 2411 fabularum
1492 2359 1552 2413 et
1605 2356 1755 2413 bene
1798 2352 2019 2413 Graece
2072 2360 2133 2413 et
2177 2354 2388 2412 Latine

551 2440 828 2499 scientem
911 2438 1303 2516 suscipimus)
1412 2442 1792 2502 Intromissus
1877 2440 2054 2518 igitur
2124 2442 2389 2501 Didacus

547 2540 751 2587 omnes
809 2529 1099 2588 salutavit.
1193 2530 1302 2588 Cui
1357 2544 1495 2605 ego:
1558 2532 2015 2608 ‘Peropportune
2076 2532 2386 2605 advenisti,

547 2617 798 2675 Didace:
861 2634 1096 2677 eramus
1159 2619 1316 2677 enim
1376 2620 1563 2678 acturi
1620 2621 1697 2679 de
1755 2638 1846 2693 re,
1911 2638 2086 2697 quam
2146 2638 2223 2679 ex
2286 2639 2387 2677 me

459 2718 512 2758 25
547 2706 760 2765 totiens
813 2707 1162 2782 efflagitasti,
1201 2714 1281 2767 ‘ut
1315 2710 1656 2784 perficerem
1702 2716 2005 2785 poctarum
2052 2716 2379 2767 nostrorum

484 2808 488 2813 ·
545 2800 877 2871 temporum
895 2794 1223 2873 catalogum
1239 2797 1435 2874 potius
1454 2812 1631 2875 quam
1649 2796 1990 2857 historiam)
2018 2798 2097 2857 Et
2114 2799 2387 2873 Pyrrhus

549 2883 760 2942 ‘Beasti
779 2884 890 2943 me’
893 2885 1126 2962 ,·inquit,
1143 2886 1302 2962 ‘Lili,
1289 2904 1302 2919 ·
1324 2886 1711 2945 attentissime
1726 2887 1884 2947 enim
1903 2904 2008 2945 vos
2027 2887 2387 2945 disserentes

547 2971 814 3031 audiam?
906 2974 1110 3033 ‘Immo
1166 2975 1270 3049 tu',
1323 2976 1582 3051 inquam,
1646 2979 1827 3034 ‘tuam
1885 2976 2095 3034 laboris
2156 2980 2387 3052 partem

547 3062 700 3119 feras
745 3078 984 3122 necesse
1027 3070 1134 3137 est,
1191 3065 1291 3141 qui
1336 3082 1445 3141 per
1488 3070 1575 3123 tot
1618 3064 1774 3123 orbis
1818 3065 2085 3139 regiones
2128 3063 2387 3122 extorris

458 3164 511 3202 30
548 3150 733 3225 patria
795 3152 870 3209 ad
927 3152 1161 3211 ultimos
1223 3170 1415 3230 usque
1482 3152 1791 3213 Britannos
1849 3170 1919 3212 es
1977 3153 2387 3229 peregrinatus

547 3245 606 3297 et
639 3239 740 3315 qui
773 3240 986 3315 vidisti,
1015 3246 1082 3299 ut
1105 3247 1198 3301 est
1224 3242 1575 3301 Homericus
1608 3258 1830 3316 versus,
1859 3260 2050 3301 mores
2077 3242 2379 3301 hominum

546 3327 864 3386 multorum
935 3336 996 3388 et
1059 3330 1267 3389 urbes?
1373 3331 1485 3391 His
1554 3330 1753 3407 itaque
1814 3331 1957 3389 viris
2028 3330 2383 3389 doctissimis

547 3422 824 3493 tanquam
849 3417 911 3475 in
939 3416 1264 3494 hemicyclo
1289 3426 1392 3477 aut
1418 3416 1636 3478 exedra
1660 3420 1816 3479 circa
1833 3418 2113 3478 lectulum
2138 3420 2381 3478 totidem

549 3504 710 3564 sellis
755 3506 1089 3566 sedentibus
1133 3524 1244 3566 nec
1278 3508 1354 3566 de
1385 3507 1605 3584 nuptiis
1637 3508 1805 3585 plura
1833 3508 2026 3567 dicere
2053 3507 2383 3567 volentibus

457 3605 510 3647 35
549 3594 634 3652 sic
641 3594 1024 3654 Antimachus
1037 3614 1050 3654 ε
1065 3596 1419 3671 ‘Mittamus’,
1429 3597 1636 3674 inquit,
1647 3597 1777 3656 ‘ista
1784 3602 1843 3656 et
1852 3598 1927 3655 de
1940 3597 2127 3674 poetis
2135 3612 2386 3672 agamus
