2796 4185
486 371 566 428 26
1095 387 1421 441 omnnvs,
1466 387 1541 426 nn
1586 385 1799 427 rolens.

573 565 728 624 hunc
787 565 1084 623 Entellum
1101 608 1116 636 ,
1175 564 1345 622 illum
1391 565 1607 622 Dareta
1650 564 1870 639 putetis
1936 571 1995 622 et
2010 607 2025 636 ,
2072 569 2139 622 ut
2185 562 2406 622 Graece

572 654 795 727 dicam,
861 655 1018 712 hunc
1079 649 1395 726 μάχεσθαι
1414 701 1431 727 ,
1498 653 1667 710 illum
1735 663 2128 727 σκιαμαχετν;
2194 659 2254 711 et
2312 652 2405 711 his

573 743 623 800 si
679 742 1049 801 Carmelitam
1113 745 1261 801 forte
1313 742 1623 801 iunxeritis
1638 786 1653 815 ,
1699 741 2045 800 ferentarius
2098 741 2403 801 videbitur.

572 831 832 908 Reliquit
913 839 972 890 et
1057 830 1380 890 Politianus
1453 838 1620 890 extra
1694 830 1897 889 Latina
1981 829 2205 888 Graeca
2282 831 2397 907 epi-

509 934 534 972 5
571 927 926 996 grammata,
1005 938 1154 996 quae
1215 920 1390 978 laude
1454 920 1631 994 digna
1695 925 1860 994 sunt3
1924 918 2177 978 Graecos
2248 919 2406 978 enim

573 1017 865 1085 provocat,
926 1015 993 1068 ut
1051 1009 1179 1067 eius
1234 1009 1295 1065 in
1349 1007 1677 1084 praesentia
1722 1008 2033 1067 vernacula
2088 1007 2403 1067 mittamus,

573 1098 697 1156 Nec
760 1116 969 1174 parum
1034 1097 1224 1155 laudis
1287 1097 1348 1154 in
1412 1098 1639 1173 poetica.
1700 1096 1975 1156 facultate
2036 1098 2157 1156 duo
2221 1098 2403 1156 nostri

574 1187 895 1262 municipes
941 1204 1238 1244 meruere:
1300 1185 1467 1244 Titus
1513 1185 1715 1245 Stroza
1768 1193 1827 1244 et
1880 1193 2045 1262 patre
2088 1186 2281 1261 longe,
2340 1195 2407 1245 ut

574 1276 716 1333 mihi
745 1275 982 1351 quidem
1011 1275 1258 1348 videtur,
1283 1275 1497 1333 ‘cultior
1522 1275 1826 1348 Herculea,
1862 1275 1963 1352 qui
1990 1294 2125 1334 cum
2152 1275 2406 1335 familiae

487 1379 537 1416 10
576 1364 870 1422 nobilitate
913 1371 974 1422 et
1018 1364 1326 1422 tribunicia
1370 1370 1659 1440 potestate
1704 1364 1845 1422 clari
1903 1371 2033 1423 tum
2076 1365 2137 1422 in
2182 1364 2407 1440 poetica

572 1453 681 1511 insi
687 1470 834 1526 gnes
895 1453 1074 1511 fuere.
1175 1452 1292 1512 Sed
1356 1453 1597 1512 Herculi
1662 1454 1714 1512 si
1776 1472 1884 1529 per
1946 1453 2286 1512 sicariorum
2346 1459 2407 1512 et

571 1543 943 1601 factiosorum
999 1542 1255 1600 occultas
1300 1541 1557 1615 insidiae,
1612 1561 1687 1602 ne
1730 1542 2148 1602 immanitatem
2196 1543 2405 1616 dicam,

573 1631 692 1689 vita
737 1631 1245 1706 suppeditavisset,
1289 1631 1465 1707 longe
1510 1650 1685 1708 quam
1730 1637 1897 1708 pater
1928 1631 1986 1689 in
2015 1631 2141 1690 dies
2168 1631 2407 1690 meliora

573 1721 836 1787 fecisset:
897 1737 1012 1778 non
1057 1720 1144 1778 illi
1189 1721 1506 1796 ingenium,
1552 1739 1667 1779 non
1713 1720 1902 1779 exacti
1950 1721 2148 1778 iudicii
2194 1720 2407 1780 indicia

489 1823 536 1862 15
574 1809 778 1868 deesse
806 1809 1153 1868 videbantur
1168 1855 1181 1879 ,
1228 1828 1366 1868 eum
1391 1811 1529 1869 licet
1570 1810 1900 1869 tribunatus
1941 1815 2001 1868 et
2027 1809 2406 1885 magistratus

577 1915 752 1956 curae
799 1916 1210 1975 nonnunquam
1245 1919 1278 1957 a
1313 1899 1501 1958 Musis
1548 1905 1899 1958 sevocarent.
1947 1899 2208 1974 Reliquit
2254 1905 2407 1958 uter-

574 2005 688 2062 que
735 1987 934 2059 multa,
991 2005 1239 2064 quorum
1285 1988 1479 2064 aliqua
1522 1989 1596 2047 ab
1642 1988 1793 2046 Aldo
1840 1994 1978 2046 sunt
2030 1988 2201 2060 edita,
2257 2005 2405 2063 quae

575 2095 688 2135 non
733 2076 958 2152 ingrate
1003 2077 1294 2153 leguntur.
1386 2076 1599 2136 Exstat
1651 2085 1711 2137 et
1756 2077 1870 2137 Titi
1916 2077 2169 2151 BorseiS,
2229 2096 2406 2153 quam

575 2166 648 2223 de
695 2165 896 2224 Borsio
944 2173 1142 2225 nostro
1188 2166 1451 2242 principe
1496 2167 1839 2243 composuit,
1888 2167 1991 2225 sed
2037 2184 2152 2225 non
2184 2167 2403 2225 edidit)

483 2268 536 2307 :20
573 2254 687 2312 Hic
731 2262 860 2312 tum
903 2256 1237 2313 Alexander
1281 2256 1551 2314 lacrimas
1596 2256 1697 2314 vix
1752 2256 2044 2315 continere
2090 2256 2255 2314 visus
2299 2261 2405 2329 est,

490 2355 575 2407 132]
651 2344 840 2402 fuerat
885 2344 1040 2401 enim
1073 2338 1079 2427 Ι
1113 2344 1352 2403 Herculi
1400 2345 1696 2405 adfinitate
1742 2345 2102 2410 coniunctus,
2150 2345 2291 2420 quin
2336 2362 2405 2403 eo

573 2450 689 2508 quo
733 2432 1020 2491 Hercules
1072 2440 1336 2509 tempore
1389 2453 1423 2493 e
1469 2434 1659 2493 medio
1716 2435 1981 2493 sublatus
2026 2442 2134 2506 est,
2190 2434 2405 2509 hospes

576 2521 660 2579 illi
707 2540 938 2598 quoque
983 2524 1188 2581 fuerat.
1279 2523 1348 2581 Id
1395 2541 1506 2597 ego
1560 2541 1695 2581 cum
1745 2524 2020 2596 viderem,
2066 2523 2141 2581 ad
2186 2522 2404 2580 Iulium

573 2627 920 2669 conversus:
987 2612 1091 2669 ‘De
1147 2611 1288 2670 Tito
1320 2618 1381 2669 et
1425 2612 1715 2685 Hercule’,
1760 2612 2013 2687 inquam,
2060 2616 2193 2670 ‘non
2238 2612 2407 2687 plura

484 2712 537 2751 25
575 2700 740 2757 vobis
799 2701 860 2757 in
920 2700 1262 2776 praesentia,
1323 2700 1396 2759 ad
1453 2700 1599 2759 alios
1653 2720 1747 2760 me
1793 2707 2079 2759 converto,
2169 2700 2305 2759 Fuit
2348 2705 2408 2758 et

574 2788 793 2847 Strozis
839 2796 898 2847 et
947 2788 1167 2847 Bembo
1213 2796 1273 2847 et
1319 2789 1647 2849 Thebaldeo
1695 2795 1761 2848 ut
1808 2790 2205 2849 benevolentia
2230 2796 2405 2866 atque

575 2896 770 2937 amore
842 2878 920 2936 ita
993 2884 1052 2936 et
1126 2878 1336 2937 studiis
1418 2880 1672 2955 poetices
1752 2879 1987 2937 iunctus
2064 2879 2406 2938 Timotheus

574 2966 922 3041 Bendideus,
970 2968 1314 3043 cognomine
1355 2968 1751 3042 PhilomuSUS,
1798 2968 2006 3028 nobilis
2051 2968 2146 3028 hic
2192 2986 2405 3043 genere

574 3062 633 3114 et
689 3056 971 3115 delicatus
1017 3064 1202 3133 poeta.
1295 3057 1478 3116 Cuius
1539 3058 1675 3116 licet
1728 3076 1915 3134 pauca
1969 3064 2231 3131 exstent,
2278 3058 2405 3116 eius

483 3158 537 3197 a«)
575 3145 828 3203 earmina
888 3146 1059 3204 credo
1117 3164 1432 3222 suppressa
1486 3147 1805 3222 immerit03
1870 3147 1921 3205 si
1979 3153 2173 3204 tamen
2218 3147 2293 3205 de
2336 3164 2405 3205 eo

573 3234 743 3309 plura
789 3234 980 3292 velitis
1039 3253 1407 3310 cognoscere,
1468 3235 1643 3311 legite
1700 3235 1812 3294 Titi
1860 3235 2095 3294 Strozae
2150 3236 2223 3293 de
2277 3236 2406 3294 eius

573 3323 691 3381 vita
719 3328 778 3381 et
798 3323 1055 3382 moribus
1085 3329 1151 3382 ut
1179 3325 1324 3383 bene
1352 3324 1593 3399 longum
1623 3342 1947 3382 sermonem
1976 3324 2059 3383 ita
2084 3324 2405 3400 pulcherri-

577 3431 754 3470 mum.
838 3411 971 3470 Fuit
1031 3412 1159 3471 Tito
1240 3415 1361 3472 fere
1434 3413 1693 3490 aequalis
1765 3414 2029 3489 Baptista
2093 3412 2404 3486 GuarinuS,

578 3500 818 3559 Guarini
865 3501 1038 3574 filius,
1086 3502 1175 3560 vir
1204 3521 1339 3561 cum
1369 3521 1601 3561 summa
1628 3503 1911 3578 probitate
1938 3509 2065 3560 tum
2084 3502 2406 3561 eruditione

482 3602 536 3643 35
575 3608 713 3649 sane
772 3608 888 3648 non
947 3591 1204 3668 vulgari3
1267 3593 1368 3667 qui
1428 3599 1764 3667 poematum
1822 3592 2001 3650 libros
2060 3591 2267 3665 edidit,
2332 3592 2406 3649 de
