2796 4185
495 395 573 452 18
1101 411 1423 465 cmmnvs,
1468 412 1543 451 nr:
1588 411 1800 452 rosus.

577 588 870 648 neminem
929 588 993 646 in
1055 587 1249 664 aliquo
1327 594 1631 664 poetarum
1703 605 1944 646 numero
2016 586 2415 664 reponendum

577 677 874 737 censueris
887 677 931 736 ’θ’
1017 677 1128 736 Cui
1172 695 1284 752 ego
1328 677 1423 736 ‘Et
1449 677 1686 754 plures',
1732 677 1988 753 inquam,
2035 676 2157 752 ‘qui
2183 681 2415 752 patrum

580 772 640 825 et
697 785 939 824 avorum
997 773 1328 826 nostrorum
1383 767 1661 825 memoria
1714 766 1778 824 in
1831 766 2019 842 pretio
2074 766 2253 836 fuere,
2314 765 2415 841 qui

577 855 688 914 etsi
733 874 851 913 non
895 873 1026 914 eam
1053 856 1402 930 elegantiam
1429 860 1489 914 et
1515 855 1828 914 candorem
1853 854 2192 927 attulerunt,
2240 872 2416 930 quem

513 958 539 998 5
575 944 876 1003 Fontanus
929 950 990 1002 et
1035 945 1135 1021 qui
1179 945 1252 1003 ab
1297 962 1367 1002 eo
1431 945 1610 1017 fuere,
1666 950 1726 1003 at
1772 962 1887 1002 non
1932 942 2216 1002 minorem
2260 948 2415 1002 certe

573 1033 905 1092 facundiam
948 1033 1284 1109 ingeniique
1311 1033 1673 1108 facilitatem3
1712 1033 1864 1092 inter
1897 1050 2045 1109 quos
2074 1031 2412 1104 PorceIIiUS,

575 1122 861 1198 Mapheus
909 1121 1134 1196 Vegius
1192 1127 1253 1180 et
1296 1123 1589 1180 Antonius
1656 1122 1989 1180 Panormita
2045 1128 2105 1181 et
2166 1121 2413 1180 Ioannes

576 1211 832 1287 Aurispa
893 1210 1124 1286 aliique.
1226 1211 1549 1270 Porcellius
1621 1211 1860 1287 quidem
1930 1211 2227 1269 Romanus
2298 1210 2413 1269 ele-

575 1299 801 1376 giarum
845 1298 1026 1358 libros
1071 1300 1336 1376 reliquit,
1397 1318 1546 1376 quos
1600 1300 1745 1359 mihi
1792 1301 1884 1358 vir
1928 1301 2137 1358 doctus
2182 1305 2243 1358 et
2287 1300 2412 1358 offi-

489 1403 540 1442 111
576 1389 770 1448 0108118
829 1389 1091 1464 Angelus
1148 1389 1407 1448 Colotius
1467 1390 1746 1465 legendos
1802 1389 2057 1448 tradidit.
2164 1389 2413 1465 Scripsit

576 1483 806 1554 praeter
822 1478 930 1536 hos
957 1483 1017 1536 et
1043 1471 1463 1554 epigrammata
1490 1485 1549 1537 et
1576 1479 1837 1537 heroicos
1867 1478 2153 1554 quosdam
2172 1495 2411 1552 versus3

574 1568 635 1624 in
681 1568 839 1625 omni
883 1567 1136 1643 denique
1164 1567 1432 1627 Porcellii
1477 1586 1651 1627 versu
1699 1573 1967 1626 naturam
2010 1567 2206 1643 potius
2236 1586 2413 1643 quam

575 1656 922 1714 industriam
993 1656 1370 1716 laudaverim.
1476 1657 1761 1733 Mapheus
1833 1675 1972 1716 vero
2036 1656 2263 1731 Vegius
2335 1674 2409 1715 ex

577 1745 778 1803 Laude
825 1745 1178 1821 Pompeiana
1231 1745 1357 1819 fuit,
1419 1746 1519 1821 qui
1578 1763 1683 1804 suo
1742 1752 2004 1822 tempore
2049 1750 2175 1802 tum
2224 1745 2411 1803 soluta

489 1847 539 1886 15
577 1833 831 1892 oratione
890 1839 1016 1892 tum
1072 1834 1134 1891 in
1178 1834 1594 1910 componendis
1638 1834 1886 1893 heroicis
1932 1834 2075 1892 satis
2102 1851 2412 1892 commen·

576 1922 748 1980 datus
811 1922 1052 1981 exstitit.
1146 1923 1281 1980 Vidi
1345 1941 1457 1998 ego
1520 1923 1783 1998 dialogos
1846 1929 1905 1982 et
1964 1922 2037 1980 de
2096 1922 2411 1981 liberorum

573 2011 936 2069 institutione
983 2012 1293 2082 volumina,
1341 2012 1515 2088 plena
1559 2012 1661 2071 illa
1704 2012 1865 2070 va1ia
1910 2011 2247 2083 eruditione,
2306 2012 2408 2069 sed

580 2101 856 2177 pleraque
901 2107 1097 2159 tamen
1144 2102 1203 2159 in
1248 2101 1343 2160 his
1382 2102 1566 2161 otiosa,
1592 2107 1651 2160 et
1678 2108 1803 2160 arte
1831 2102 2125 2161 destituta.
2192 2102 2413 2160 Verum

577 2190 637 2247 in
665 2190 995 2265 praesentia
1023 2190 1274 2249 solutam
1316 2190 1631 2249 orationem
1662 2209 1777 2249 non
1806 2191 2141 2267 pendimus;
2180 2208 2415 2249 carmen

485 2292 539 2333 20
577 2297 714 2337 vero
743 2279 1042 2337 heroicum
1089 2279 1199 2338 fuit
1225 2278 1312 2337 illi
1340 2279 1579 2356 quidem
1607 2280 1935 2357 promptius
1963 2288 2139 2356 atque
2165 2280 2410 2353 facilius,

573 2367 634 2426 id
698 2368 855 2444 quod
901 2369 997 2427 vel
1042 2387 1118 2427 ex
1170 2370 1523 2443 Astyanacte
1570 2369 1663 2427 vel
1729 2387 1805 2427 ex
1860 2388 1929 2428 eo
1986 2370 2143 2445 quod
2188 2368 2412 2427 addidit

575 2457 818 2516 Aeneidi
847 2457 1218 2533 Vergilianae
1265 2458 1561 2516 volumine
1606 2458 1853 2535 aliisque
1889 2459 2017 2517 eius
2063 2458 2412 2534 quibusdam

575 2564 925 2621 cognoscere
971 2547 1232 2623 potestiS,
1263 2566 1412 2623 quae
1459 2547 1511 2605 si
1554 2566 1671 2605 non
1712 2548 1833 2606 stili
1859 2548 2138 2620 eiusdem,
2168 2552 2229 2605 at
2256 2553 2412 2605 certe

489 2645 578 2699 [23]
659 2654 838 2694 venae
883 2654 1015 2694 esse
1059 2636 1228 2695 facile
1273 2636 1622 2695 iudicabitis,
1686 2636 1974 2695 Versatus
2002 2637 2098 2695 hic
2134 2630 2139 2718 Ι
2174 2636 2409 2713 quidem

487 2736 540 2775 25
577 2724 797 2782 Romae
857 2743 993 2783 cum
1049 2725 1297 2783 Martino
1336 2725 1407 2783 V.
1455 2726 1729 2801 pontifice
1776 2727 2031 2784 maximo
2080 2725 2411 2801 supplicum

575 2812 902 2871 libellorum
961 2814 1258 2889 magister,
1318 2833 1495 2891 quem
1541 2815 1719 2891 vulgo
1775 2815 2065 2873 datarium
2117 2815 2412 2891 appellare

576 2902 1003 2968 consuevimus.
1108 2904 1400 2963 Antonius
1472 2922 1610 2963 vero
1682 2903 2014 2963 Panormita
2090 2903 2411 2962 lascivioris

579 2989 819 3065 quidem
880 2990 1156 3050 carminis
1213 2992 1492 3066 conditor,
1558 2992 1747 3052 dulcis
1806 2999 2004 3051 tamen
2058 2999 2117 3051 et
2170 2994 2409 3052 facetus,

577 3078 724 3153 Legi
770 3080 898 3138 eius
946 3081 1153 3139 aetatis
1199 3082 1565 3157 quorundam
1592 3082 1891 3159 epistulaS,
1931 3082 2142 3158 quibus
2170 3082 2411 3141 Herma·

487 3180 540 3221 30
578 3168 884 3244 phroditus
947 3169 1107 3227 illius
1171 3170 1371 3229 multis
1434 3170 1706 3253 laudibus
1777 3164 2241 3244 commendatur,
2308 3171 2409 3229 sed

582 3276 762 3333 quare
826 3258 1038 3317 nescic.
1131 3258 1337 3317 Dicam
1381 3277 1491 3335 ego
1547 3260 1711 3319 vobis
1776 3278 1931 3334 sane,
1991 3259 2132 3336 quid
2194 3260 2409 3318 sentio:

577 3364 684 3404 nec
744 3346 797 3405 is
857 3346 1004 3405 mihi
1063 3354 1232 3423 poeta
1292 3348 1479 3407 bonus
1536 3366 1646 3408 nec
1704 3349 1891 3407 bonus
1954 3355 2162 3407 orator.
2254 3348 2411 3421 Quae

577 3434 730 3493 enim
799 3435 988 3494 soluto
1053 3442 1112 3495 et
1171 3436 1429 3512 pedestri
1489 3456 1754 3497 sermone
1812 3438 1941 3497 eius
2002 3438 2216 3514 scripta
2277 3436 2409 3513 legi,

576 3523 934 3583 luxuriantis
962 3525 1151 3600 magis
1173 3545 1348 3601 quam
1378 3527 1561 3585 bonae
1579 3527 1765 3601 frugis
1798 3528 2010 3586 referta
2028 3527 2315 3599 videntur,
2345 3531 2412 3584 111

486 3624 539 3663 35
578 3612 904 3688 impudicas
923 3620 982 3672 et
1000 3615 1344 3689 prostitutas
1363 3616 1491 3673 eius
1506 3616 1707 3673 Musas
1727 3616 1972 3675 mittam.
2015 3616 2408 3675 Panormitam
