2796 4185
471 401 508 460 6
538 389 545 396 ’
1080 417 1401 471 GYRALDVS,
1446 417 1523 457 DE
1568 417 1779 458 Pomm.

469 633 532 687 [9]
628 587 834 676 'Lilii
891 589 1278 704 Gregorii
1333 586 1690 697 ffyraldi
1744 602 2324 688 Ferrariensis

1311 729 1643 806 dialogus

737 837 828 908 de
879 845 1351 908 nostrorum
1406 843 1857 931 temporum
1914 836 2177 930 poetis

629 969 713 1028 ad
757 969 1277 1046 amplissimum
1323 967 1762 1028 cardinalem
1806 942 2353 1044 Rhangoniums

695 1129 844 1188 Cum
889 1123 1232 1206 perdifficile
1263 1129 1439 1188 fuerit
1468 1129 1543 1188 de
1572 1121 1965 1205 antiquomm,
2008 1134 2133 1187 tum
2167 1127 2400 1204 pericu-

499 1209 508 1217 ’
558 1209 752 1276 los'um
835 1218 1105 1276 maxime
1164 1224 1224 1276 et
1293 1219 1652 1277 invidiosum
1732 1209 2001 1276 futurum
2073 1217 2245 1275 video
2320 1217 2400 1275 de

564 1312 894 1366 nostrorum
920 1301 1250 1383 temporum
1279 1303 1532 1382 ingeniis
1562 1307 1885 1366 aestimare.
1908 1317 1914 1320 ’
1932 1299 2085 1366 Nam
2104 1312 2164 1364 et
2182 1307 2399 1364 multo-

461 1411 466 1420 ·
528 1387 535 1394 ⁰
557 1404 693 1452 rum
709 1395 1060 1482 offensiones
1075 1396 1351 1470 incurrat,
1368 1396 1472 1473 qui
1492 1397 1645 1456 hanc
1659 1395 2017 1472 provinciam
2036 1396 2398 1471 aggreditur,

562 1484 823 1576 dicendo
839 1501 1080 1544 neeesse
1109 1492 1200 1544 est
1228 1490 1288 1544 et
1315 1486 1580 1556 incendo,
1610 1485 1754 1542 dum
1783 1485 1966 1561 aliqui
1998 1501 2061 1543 se
2088 1484 2395 1584 praetefiri

473 1587 524 1624 10
561 1564 794 1649 putant.
835 1573 999 1632 Tum
1043 1573 1206 1646 illud,
1253 1575 1356 1651 qui
1402 1575 1531 1633 fieri
1557 1579 1766 1650 potest,
1812 1579 1879 1632 ut
1908 1573 2105 1632 'omnia
2132 1574 2391 1632 omnium

560 1662 818 1720 carmina
861 1675 1016 1721 unus
1059 1681 1177 1722 non
1216 1663 1364 1722 nihil
1409 1665 1587 1722 etiam
1615 1668 1934 1739 occupatus
1966 1662 2059 1721 vel
2102 1661 2401 1738 inquirere

543 1751 653 1808 vel
699 1751 978 1828 inquisita
1005 1769 1356 1828 cognoscere
1386 1753 1613 1811 valeat?
1668 1751 1784 1812 Sed
1814 1769 1923 1810 nec
1953 1751 2149 1809 minus
2179 1751 2253 1808 ab
2284 1750 2399 1808 hac'

559 1840 960 1899 aestimatione
1000 1841 1296 1900 deterrere
1336 1848 1551 1942 potest,
1589 1838 1747 1917 'quod
1780 1841 1933 1899 siout
1962 1830 2244 1916 plerique,
2291 1839 2394 1916 qui

563 1920 708 1988 bene
753 1921 1068 1988 constituto
1115 1935 1252 1988 sunt
1295 1931 1491 1988 animo
1534 1930 1692 2030 iique
1720 1930 1816 1988 vel
1848 1929 2041 1988 studio
2062 1949 2099 1985 ι
2098 1929 2155 1987 el
2188 1934 2400 2004 suapte

475 2027 522 2071 ι5
561 2025 768 2076 natura
811 2018 907 2077 vel
952 2023 1198 2096 utroque
1249 2035 1365 2078 nec
1414 2019 1647 2095 ingenio
1703 2037 1811 2078 nec
1854 2019 2069 2077 iudicio
2128 2017 2401 2076 destituti

555 2108 619 2167 in
665 2108 792 2167 dies
837 2108 1108 2167 meliores
1151 2110 1303 2167 fiunt
1343 2108 1535 2185 iisque
1581 2109 1707 2169 dies
1751 2110 1881 2197 ipsa
1912 2124 2145 2208 semper
2172 2100 2399 2184 aliquid

463 2234 470 2239 -
545 2194 741 2270 addit,
786 2216 856 2256 ac
900 2197 1248 2274 'plerumque
1293 2188 1468 2256 sicuti
1513 2213 1705 2257 mores
1749 2192 2012 2273 tempore
2058 2197 2188 2273 ipso
2226 2196 2397 2255 exui-

559 2299 720 2360 mue,
765 2284 846 2344 ita
904 2291 965 2344 et
1018 2286 1250 2345 dicendi
1285 2278 1789 2345 consuetudinem
1844 2292 2156 2375 mutamuS,
2216 2292 2399 2361 atque

469 2385 475 2393 '
510 2385 515 2389 ’
533 2374 693 2433 ideo
737 2375 964 2451 aliquos
977 2366 1346 2452 aliquando
1333 2368 1370 2434 3,
1401 2376 1617 2435 teneris
1646 2383 1707 2435 et
1734 2378 1809 2435 ab
1838 2367 1970 2451 ipsa
1996 2374 2399 2433 ‘adulescentia

469 2476 524 2516 20
559 2464 763 2521 videas
785 2472 790 2477 “
816 2464 1142 2523 hebetiores
1195 2470 1256 2524 et
1311 2466 1525 2538 tardos,
1583 2465 1687 2541 *qui
1732 2464 1843 2523 viri
1886 2471 2091 2540 postea
2136 2464 2273 2522 facti
2318 2463 2396 2521 ad

561 2553 771 2611 bonam
814 2546 1047 2627 frugem
1091 2554 1456 2629 perveniunt,
1510 2560 1572 2613 et
1614 2560 1819 2613 eontra
1858 2549 2148 2629 ‘quosdam
2192 2553 2397 2611 flores-

550 2632 759 2699 'centes
813 2646 873 2699 et
927 2642 1000 2700 de
1057 2660 1122 2701 se
1174 2640 1474 2747 praeclara
1528 2642 1720 2701 omnia
1758 2634 2120 2731 pollicenteS,
2180 2642 2399 2717 quibus

561 2746 697 2787 cum
744 2730 924 2789 luxus
969 2736 1029 2789 et
1073 2723 1251 2819 nimia
1280 2732 1621 2807 'adrogantia
1648 2724 1786 2790 tum
1808 2724 2155 2808 plerumque
2184 2730 2400 2789 inertia

491 2830 494 2833 ’
559 2823 736 2907 atque
782 2820 1008 2878 desidia
1049 2811 1185 2879 cum
1230 2826 1417 2879 aetate
1461 2821 1683 2907 aliquid
1713 2818 1985 2879 confinue'
2014 2820 2280 2892 detrahrt,
2327 2824 2401 2876 ut

463 2920 524 2961 ⁴25
559 2925 678 2983 quo
721 2914 1010 2984 tempore
1026 2909 1240 2967 iudicio
1285 2910 1543 2968 maxime
1585 2902 1803 2985 pollere
1832 2902 2126 2981 deberent,
2172 2920 2241 2966 'eo
2270 2908 2399 2967 fere

561 2997 828 3086 destituti
875 3014 1108 3073 semper
1143 3000 1525 3083 retrocedant,
1570 2998 1633 3057 id
1664 2999 1820 3099 quod
1850 3005 1912 3057 et
1936 2998 2093 3074 apud
2124 2997 2399 3073 antiquos

473 3086 566 3173 [io]
605 3078 718 3143 u'su
767 3086 1042 3145 evenisse
1110 3104 1247 3145 cum
1310 3087 1412 3145 alii
1475 3093 1605 3145 tum
1657 3088 1735 3146 Μ.
1789 3088 1917 3163 ipse
1944 3082 1969 3169 Ι
2026 3086 2255 3145 Tullius
2320 3086 2399 3143 de

477 3180 480 3187 '
537 3175 856 3234 nonnullis
901 3175 1210 3251 pro‘didit.
1238 3176 1388 3235 Sed
1402 3182 1466 3236 et
1488 3175 1709 3261 Graeci
1738 3170 1894 3235 idem
1925 3176 1999 3233 de
2026 3176 2399 3250 Hermogene

562 3264 812 3337 tradimt,
871 3270 933 3323 et
987 3282 1095 3323 nos
1141 3264 1252 3323 hae
1297 3272 1495 3324 nostra
1540 3271 1726 3324 aetate
1771 3266 1996 3342 aliquos
2042 3270 2101 3323 et
2145 3265 2217 3322 ab
2263 3264 2399 3321 aliis

470 3366 524 3406 30
560 3353 893 3435 audivimus
938 3359 998 3413 et
1033 3353 1146 3429 ipsi
1175 3353 1447 3413 vidimus
1509 3354 1734 3413 Verum
1779 3360 1839 3413 et
1881 3353 1942 3411 id
1989 3372 2169 3429 prope
2214 3360 2398 3411 teme-

559 3438 781 3503 rarium
825 3442 1014 3502 videri
1057 3448 1253 3518 potest
1296 3442 1369 3501 de
1414 3443 1787 3519 paucissimis
1844 3443 2094 3501 alicuius
2142 3442 2398 3518 scriptiS,

562 3550 710 3607 quae
754 3533 904 3591 forte
949 3551 982 3590 e
1028 3531 1296 3590 manibus
1341 3532 1679 3605 exciderint,
1736 3538 1802 3591 ut
1846 3533 1913 3590 fit
1958 3550 2396 3608 nonnunquam,

561 3620 655 3679 vel
721 3627 860 3680 sunt
927 3622 998 3680 ab
1062 3620 1267 3679 amicis
1329 3627 1390 3680 et
1452 3621 1702 3680 inimicis
1774 3620 2085 3698 aliquando
2149 3626 2399 3693 extorta,
