2796 4185
475 326 512 382 2
1079 341 1403 396 GYRALDVS,
1450 342 1523 381 DE
1570 341 1781 382 Porrus

555 518 806 596 antiquis
864 524 924 578 et
980 518 1278 577 veteribus
1340 518 1529 594 poetis
1592 519 1821 595 pridem
1878 519 1985 578 tibi
2048 518 2387 591 dicavimuS,

552 607 836 683 legantur.
900 607 1134 684 Eosque
1179 625 1247 666 ea
1293 607 1366 666 de
1393 626 1570 666 causa
1597 626 1754 666 nunc
1780 609 1953 667 edere
1980 608 2270 681 constitui,
2315 625 2389 665 ne

557 702 790 755 tuorum
836 697 897 754 in
953 715 1046 755 me
1093 696 1432 756 meritorum
1476 715 1545 755 ac
1591 697 2003 756 beneficiorum
2046 703 2106 756 et
2152 695 2385 774 quidem

554 786 966 862 multiplicium
1021 804 1230 862 parum
1294 803 1517 844 memor
1573 805 1642 844 ac
1700 792 1903 861 gratus
1956 804 2088 845 esse
2142 786 2387 844 viderer.

491 887 518 927 5
555 873 666 948 Qui
696 875 910 950 dialogi
951 875 1002 932 si
1038 874 1234 932 minus
1261 875 1519 950 phaleris
1555 893 1624 934 ac
1650 875 1998 934 calamistris
2024 874 2388 951 eloquentiae
2484 947 2491 952 -

553 963 769 1040 compti
813 970 991 1040 atque
1036 963 1221 1022 ornati
1266 963 1371 1022 tibi
1416 969 1477 1022 et
1520 963 1620 1040 qui
1652 981 1856 1022 eorum
1894 982 2000 1039 per
2044 969 2103 1022 te
2139 963 2388 1022 lectores

553 1057 726 1112 erunt
759 1053 908 1111 forte
934 1053 1302 1126 videbuntur,
1351 1052 1545 1110 minus
1582 1051 1645 1110 id
1682 1052 1900 1110 mirum
1925 1053 2113 1111 videri
2139 1053 2387 1124 debebit,

554 1142 656 1218 qui
701 1159 796 1200 me
843 1141 1082 1201 sciveris
1127 1142 1245 1200 iam
1289 1145 1376 1199 tot
1420 1158 1602 1199 annos
1629 1141 2037 1200 articularibus
2065 1141 2281 1201 morbis
2307 1142 2387 1200 ita

553 1229 768 1305 adfligi,
814 1235 881 1288 ut
926 1248 1000 1288 ne
1046 1229 1279 1306 quidem
1329 1247 1424 1288 me
1468 1229 1687 1305 possim
1736 1231 1796 1288 in
1843 1231 2083 1305 grabato
2110 1236 2387 1289 excutere

465 1331 518 1371 10
554 1337 622 1377 ac
650 1337 882 1377 movere
907 1318 1022 1378 nisi
1047 1319 1283 1380 adiutus
1317 1319 1493 1378 unius
1522 1318 1829 1378 dumtaxat
1852 1319 2058 1378 famuli
2095 1319 2385 1396 obsequio,
2466 1374 2474 1381 .

466 1419 523 1472 [4]
600 1408 816 1484 Accipe
854 1407 1034 1483 igitur
1057 1409 1186 1481 hos,
1221 1407 1681 1485 qualescumque
1706 1409 1831 1468 fue-
1863 1402 1870 1492 Ι
1900 1408 2035 1483 rint,
2064 1427 2387 1486 propensae

555 1515 718 1556 meae
746 1516 886 1572 erga
901 1502 961 1556 te
978 1497 1296 1556 voluntatis
1319 1503 1497 1574 atque
1526 1497 1925 1558 observantiae
1951 1503 2133 1558 testes
2158 1499 2386 1557 futuros

552 1591 612 1644 et
639 1604 748 1660 me,
767 1592 834 1645 ut
859 1586 1020 1660 facie,
1039 1591 1143 1647 tua
1169 1604 1310 1650 aura
1336 1587 1471 1646 fove
1496 1604 1566 1646 ac
1596 1587 1855 1646 subleva.
1909 1587 2075 1660 Vale,
2113 1587 2386 1664 princeps

551 1694 620 1734 ac
666 1675 867 1751 regina
912 1680 1128 1748 nostra,
1171 1693 1309 1734 cum
1351 1675 1769 1734 inlustrissimo
1796 1676 1921 1734 viro
1958 1683 2018 1735 et
2042 1676 2239 1734 liberis
2267 1677 2385 1734 tuis

464 1777 515 1816 15
552 1765 836 1838 omnibuS,
883 1783 1031 1841 quos
1068 1764 1230 1824 Deus
1275 1765 1534 1840 optimus
1578 1765 1873 1824 maximus
1920 1765 2167 1841 sospites
2211 1771 2385 1842 atque

552 1853 874 1913 incolumes
919 1855 1200 1931 perpetuo
1245 1859 1553 1912 conservet
1596 1872 1666 1912 ac
1710 1859 1957 1914 tueatur.

463 2445 528 2499 [5]
602 2415 809 2487 Lilii
865 2415 1250 2511 Gregorii
1307 2415 1666 2508 Gyraldi
1719 2414 2293 2487 Ferrariensis

1064 2541 1360 2599 duorum
1406 2540 1852 2616 dialogorum

745 2648 834 2719 de
891 2648 1151 2743 poetis
1207 2654 1677 2724 nostrorum
1734 2653 2182 2742 temporum

459 2793 513 2834 20
1094 2777 1757 2861 προπαρασκευή.

685 2923 834 2983 Cum
861 2925 1010 2983 forte
1029 2924 1264 2983 Marcus
1283 2924 1573 2984 Antonius
1594 2924 1977 2984 Antimachus
2005 2929 2065 2985 et
2082 2923 2383 2983 Bartholo-

549 3030 750 3071 maeus
823 3013 1059 3095 Riccius
1133 3032 1226 3073 me
1298 3033 1376 3075 ex
1439 3013 1664 3073 diutino
1734 3014 2113 3073 articulorum
2184 3013 2383 3070 morbo

548 3102 994 3161 decumbentem
1005 3103 1459 3178 postmeridiano
1478 3108 1738 3179 tempore
1754 3103 2086 3175 salutatum,
2098 3106 2164 3159 ut
2178 3101 2382 3174 solent,

549 3191 861 3263 venissent,
908 3191 1018 3249 viri
1052 3183 1189 3250 cum
1234 3198 1475 3268 propter
1514 3208 1721 3251 eorum
1766 3191 2145 3250 suavissimos
2190 3206 2383 3249 mores

457 3290 512 3332 25
549 3282 676 3339 tum
705 3280 778 3338 ob
805 3280 1165 3355 singularem
1191 3280 1542 3354 facundiam,
1586 3280 1935 3356 elegantiam
1967 3298 2037 3339 ac
2062 3278 2383 3339 doctrinam

548 3369 693 3427 mihi
737 3368 1072 3444 gratissimi,
1117 3370 1418 3446 coepimus
1465 3370 1539 3428 de
1582 3370 1804 3446 nuptiis
1848 3371 2053 3428 Annae
2097 3369 2381 3441 EstensiS,

547 3464 877 3517 nostrorum
906 3459 1236 3535 principum
1271 3459 1443 3533 filiae,
1488 3458 1735 3534 virginis
1762 3458 2112 3518 lectissimae
2139 3463 2199 3517 et
2226 3458 2381 3517 omni

549 3548 762 3607 virtute
825 3554 886 3607 et
943 3548 1231 3623 elegantia
1288 3548 1551 3624 principe
1614 3548 1793 3624 digna
1848 3547 2167 3624 praeditae,
2232 3564 2382 3624 quae
