2796 4185
1034 393 1359 450 GYRAans,
1405 394 1480 434 nn
1524 393 1739 436 Pontus.
2273 379 2352 436 97

518 568 663 643 Quis
709 570 1016 630 Dominico
1061 571 1287 630 Bondio
1307 572 1616 648 ¹Magnano
1645 571 1909 646 argutior
1953 589 2022 630 ac
2067 570 2358 631 limatior?

518 657 664 732 Quis
749 659 903 718 Iulio
985 661 1193 720 Pontio
1270 661 1556 720 Moreleto
1629 659 1898 720 festivior
1967 678 2038 720 ac
2109 661 2355 736 plenior,

516 749 791 825 quisnam
846 755 908 808 et
950 750 1014 807 in
1055 750 1358 826 tragoedia
1394 749 1796 826 componenda
1841 749 2136 808 ornatior?
2210 748 2356 823 Quis

515 837 877 914 Hieronymo
952 839 1333 898 Benintendio
1405 838 1742 915 Belgiarino
1814 838 2004 914 magis
2081 839 2355 898 statarius

452 938 479 978 5
516 932 577 985 et
618 933 944 988 amentatas
989 918 1189 987 hastas
1235 927 1526 988 valentius
1585 929 1924 1004 intorquet?
1982 928 2166 986 Porro
2221 928 2356 1004 quis

516 1016 725 1076 Iacobo
772 1017 1102 1094 Cagnacino
1147 1018 1404 1094 paratior
1447 1036 1516 1076 ac
1559 1016 1824 1076 facilior?
1890 1015 2034 1089 Quis
2065 1017 2354 1092 Prospero

444 1157 449 1161 .
515 1105 767 1165 Pasetho
850 1107 1088 1183 gravior
1148 1125 1219 1166 ac
1270 1106 1655 1183 prudentior?
1745 1103 1890 1178 Quis
1954 1105 2354 1180 Ronchogallo

428 1383 481 1425 10

432 1827 483 1868 15

424 2272 479 2313 20

424 3611 477 3652 35

515 1195 805 1270 audacior,
826 1196 1117 1272 copiosior
1128 1199 1156 1254 ?
1184 1195 1330 1269 Quis
1348 1196 1642 1254 Richardo
1661 1195 1884 1254 Renato
1902 1194 2135 1268 Catone,
2155 1193 2355 1270 magni

514 1283 802 1343 Ludovici
831 1285 1067 1344 Catonis
1094 1285 1233 1359 filio,
1278 1285 1512 1344 mollior
1543 1289 1602 1342 et
1629 1284 1972 1343 delicatior?
2037 1282 2154 1342 Sed
2184 1283 2354 1341 video

517 1390 623 1430 vos
669 1373 894 1447 mirari,
942 1373 1099 1449 quod
1146 1373 1220 1432 de
1266 1373 1496 1432 duobus
1540 1392 1724 1448 paene
1769 1373 2073 1446 iratribuS,
2129 1371 2355 1430 intimis

516 1461 747 1539 amiciS,
806 1461 1050 1520 Irenaeo
1096 1462 1414 1520 Brasavolo
1459 1467 1521 1521 et
1563 1461 1782 1520 Ioanne
1827 1462 2093 1538 Baptista
2148 1461 2354 1536 Pigna,

515 1549 707 1609 adhuc
752 1550 900 1608 nihil
944 1550 1215 1626 dixerim,
1261 1556 1538 1627 putantes
1582 1569 1684 1608 me
1722 1550 1997 1626 oblitum3
2048 1551 2152 1608 sed
2201 1550 2358 1609 sicut

516 1655 593 1696 ex
638 1640 832 1698 animo
878 1657 1195 1716 nunquam,
1242 1639 1323 1698 ita
1367 1657 1476 1698 nec
1513 1658 1546 1698 e
1586 1639 1867 1697 memoria
1905 1639 2162 1697 effluent.
2231 1639 2354 1699 Sed

515 1725 794 1786 Irenaeus
816 1734 1061 1804 paterna
1085 1729 1351 1788 imitatus
1374 1727 1628 1803 vestigia
1659 1728 2098 1786 instructiorem
2126 1745 2190 1786 se
2221 1745 2355 1786 esse

524 1826 635 1879 [109]
686 1817 853 1893 cupit
896 1823 957 1877 et
1000 1824 1236 1877 exercet
1278 1819 1342 1876 in
1387 1822 1512 1876 tota
1555 1835 1619 1875 re
1647 1816 1890 1875 medica.
1953 1816 2141 1891 Pigna
2168 1835 2305 1875 vero
2340 1825 2347 1898 Ι

518 1923 873 1982 quamquam
933 1911 994 1966 et
1046 1907 1175 1983 ipse
1228 1907 1291 1966 in
1346 1905 1722 1983 philosophia
1773 1911 1833 1964 et
1876 1905 2169 1964 medicina
2223 1923 2354 1963 sese

516 1994 848 2053 studiosum
902 1997 1167 2071 praebet,
1226 1996 1412 2054 nihilo
1466 1995 1664 2054 minus
1717 1993 2102 2053 humanitatis
2157 1993 2353 2052 studia

514 2102 818 2160 nunquam
864 2085 1099 2145 deserit.
1174 2084 1329 2145 Nam
1373 2091 1440 2145 ut
1477 2085 1760 2159 omittam,
1806 2102 1959 2160 quae
2002 2083 2351 2142 adulescens

516 2174 707 2232 soluta
751 2175 1011 2234 oratione
1056 2175 1418 2252 perscripsit,
1463 2175 1539 2233 de
1584 2174 1979 2232 consolatione
2014 2178 2136 2232 tres
2170 2172 2353 2231 libros

514 2262 589 2320 ad
636 2262 919 2322 Thomam
973 2264 1331 2339 Lucensem,
1405 2269 1751 2323 materterae
1815 2281 1957 2321 suae
2015 2262 2227 2334 virum,
2292 2266 2354 2320 et

512 2350 779 2411 libellum
826 2353 901 2412 de
948 2353 1082 2427 otio,
1128 2372 1310 2430 quem
1352 2353 1718 2429 amplissimo
1765 2351 2048 2411 cardinali
2093 2350 2350 2410 Salviato

512 2440 701 2514 misit,
757 2448 818 2500 et
862 2442 1055 2501 varias
1101 2443 1387 2519 epistulas
1400 2488 1414 2516 ,
1461 2460 1670 2503 versus
1725 2458 1957 2517 quoque
2000 2440 2242 2498 Latinos
2292 2445 2352 2498 et

513 2529 822 2603 rhythmos
848 2530 1131 2590 Etruscos
1179 2538 1239 2590 et
1282 2532 1418 2591 illos
1463 2532 1702 2607 quidem
1741 2534 1982 2607 argutos
2008 2548 2078 2587 ac
2105 2528 2349 2606 lepidOS,

512 2617 574 2675 in
629 2619 759 2678 dies
814 2620 1069 2694 conficit,
1132 2621 1238 2679 sed
1292 2627 1352 2680 et
1406 2620 1627 2695 lyricos
1679 2636 1998 2695 aggressus
2045 2618 2245 2692 elegos
2291 2623 2350 2675 et

451 2718 477 2758 5
512 2708 779 2767 heroicos
825 2714 947 2767 tam
994 2710 1255 2768 studiose
1301 2710 1532 2786 pangit,
1593 2713 1661 2767 ut
1711 2708 1921 2767 merito
1968 2708 2116 2766 bene
2163 2707 2236 2765 de
2281 2724 2350 2765 eo

517 2798 874 2872 sperandum
904 2798 997 2857 sit.
1046 2797 1274 2871 Quibus
1302 2799 1375 2857 de
1406 2799 1582 2857 rebus
1609 2796 1836 2855 inducti
1854 2795 2351 2874 prudentissimus

512 2886 789 2964 princeps
834 2893 1033 2946 noster
1058 2888 1348 2947 Hercules
1394 2892 1454 2945 et
1496 2887 1745 2945 Iacobus
1775 2885 2036 2959 Troctus,
2076 2884 2350 2943 tribunus

513 2976 707 3051 plebis
753 2982 814 3035 et
858 2981 1025 3052 pater
1068 2982 1333 3053 patratus
1378 2982 1436 3035 et
1464 2974 1753 3034 Antonius
1781 2975 1954 3033 Musa
1979 2974 2348 3047 ArchiatrUS,

513 3064 698 3123 nostri
743 3065 1013 3125 litterarii
1058 3066 1353 3141 gymnasii
1381 3065 1710 3124 moderator
1739 3069 1799 3122 et
1825 3064 2175 3140 praefectUS,
2213 3080 2348 3120 eum

513 3153 573 3211 in
616 3156 1015 3231 professorum
1052 3155 1184 3213 albo
1221 3154 1434 3214 ascribi
1461 3154 1716 3227 voluere,
1756 3158 1823 3211 ut
1851 3150 2349 3210 extraordinarius

512 3243 892 3302 humanitatis
910 3243 1226 3303 lectionem
1239 3244 1534 3321 publicam
1546 3242 1769 3302 Graece
1788 3246 1848 3299 et
1860 3241 2067 3299 Latine
2081 3241 2349 3317 profitea-

514 3337 627 3391 tur.
654 3332 819 3391 Inter
833 3335 941 3392 hos
960 3351 1075 3391 non
1096 3350 1485 3391 commemoro
1496 3331 1902 3390 Alexandrum
1921 3329 2208 3389 Sardum?
2235 3326 2346 3401 Qui
2445 3334 2451 3341 “

514 3439 592 3479 ex
668 3422 851 3498 patris
930 3421 1101 3481 Sardi
1171 3420 1439 3480 instituto
1511 3419 1786 3479 historias
1860 3423 2228 3477 consectatur
2290 3422 2350 3475 et

518 3510 751 3569 cottidie
798 3510 1254 3589 opisthographa
1299 3511 1667 3569 conlectanea
1703 3526 1781 3567 ex
1809 3508 1966 3566 omni
1996 3507 2348 3583 scriptorum

515 3618 733 3675 genere
798 3603 1128 3676 conscripta
1191 3600 1492 3677 compilat,
1565 3603 1632 3656 ut
1703 3598 1876 3655 illum
1938 3596 2130 3655 omnia
2193 3595 2348 3653 scire

532 3700 633 3742 Lat.
663 3700 1091 3743 Litteraturdenkm.
1125 3703 1191 3743 10.
1994 3699 2023 3749 7
