2796 4185
984 381 1320 436 emmvs,
1365 381 1441 420 m:
1486 379 1698 421 Porus,
2221 361 2303 420 89

469 559 715 618 litteras
784 558 996 618 Editus
1055 558 1183 617 eius
1238 563 1333 618 est
1383 558 1538 618 liber
1581 559 1658 616 de
1703 557 2139 617 immortalitate
2183 557 2306 616 ani-

472 666 701 707 morum
761 647 998 707 heroico
1046 647 1306 706 carmine
1350 647 1426 706 ad
1472 645 1830 706 cardinalem
1875 646 2305 723 amplissimum

474 742 535 796 et
592 736 1003 796 doctissimum
1060 735 1433 813 Sadoletum;
1493 736 1617 812 legi
1673 741 1734 794 et
1788 735 1916 794 eius
1973 735 2306 809 elegantem

473 827 793 885 orationem
825 826 900 885 de
929 843 994 884 re
1031 825 1269 902 publica
1294 825 1674 884 Lunensium.
1741 824 1886 898 Quis
1913 841 2031 882 non
2057 824 2308 883 miretur

408 927 437 968 5
476 925 589 980 [101]
645 916 707 973 in
767 915 923 974 omni
990 915 1318 974 carminum
1378 915 1568 974 ferme
1621 911 1628 993 1
1683 931 1904 989 genere
1966 913 2307 972 facilitatem

472 1003 635 1062 Petri
662 1005 897 1080 Myrtei,
926 1003 1346 1063 Foroiuliensis
1392 1005 1641 1079 poetae?
1701 1002 1813 1062 Cui
1860 1002 1913 1060 si
1957 1001 2308 1060 accessisset

472 1093 650 1151 animi
694 1093 1020 1152 constantia
1064 1111 1175 1152 nec
1220 1099 1343 1152 tam
1386 1111 1518 1151 erro
1565 1097 1626 1151 et
1665 1109 1852 1166 vagus
1884 1096 2060 1164 esset,
2108 1096 2309 1166 posset

474 1199 610 1239 cum
668 1183 872 1240 multis
932 1188 994 1240 et
1052 1182 1291 1258 quidem
1349 1181 1647 1257 primariis
1707 1180 1984 1252 conferri,
2051 1197 2187 1238 cum
2247 1185 2308 1238 et

473 1271 665 1346 ipsius
713 1289 923 1329 versus
978 1271 1128 1330 tanfi
1181 1271 1386 1329 fecerit
1429 1270 1630 1328 Iovius
1685 1267 2028 1342 historicuS,
2087 1274 2156 1326 ut
2201 1285 2309 1326 sua

381 1370 437 1412 10
474 1359 665 1434 elogia
722 1360 797 1417 iis
854 1377 917 1417 se
970 1360 1282 1417 honestare
1347 1358 1658 1434 putaverit.
1749 1357 1964 1416 Petrus
2019 1357 2308 1432 Angelius

473 1447 771 1523 Bargaeus
817 1465 895 1506 ex
924 1448 1139 1523 oppido
1167 1447 1453 1520 Etruriae,
1501 1447 1604 1523 q'ui
1631 1464 1788 1504 nunc
1815 1446 1973 1505 Pisis
2001 1446 2310 1523 profitetur

476 1535 731 1595 Graecas
777 1541 839 1594 et
883 1536 1123 1594 Latinas
1179 1535 1434 1608 litteras,
1494 1535 1680 1594 multa
1735 1535 2048 1612 scripsisse
2102 1537 2306 1608 fertur,

472 1626 627 1684 inter
671 1643 821 1701 quae
868 1643 979 1700 ego
1014 1624 1089 1682 de
1116 1625 1427 1682 venatione
1453 1624 1635 1682 libros
1668 1630 1729 1682 et
1757 1625 1992 1700 eclogas
2022 1624 2306 1700 quasdam

475 1713 627 1787 vidi3
678 1713 883 1772 scribit
927 1718 988 1771 et
1024 1711 1280 1771 Graecos
1324 1731 1554 1772 versus.
1618 1713 1710 1771 De
1745 1729 1816 1772 eo
1853 1713 2143 1788 speranda
2170 1718 2309 1770 sunt

385 1815 439 1856 15
474 1803 536 1860 in
572 1803 699 1860 dies
735 1802 992 1861 meliora.
1050 1800 1380 1860 Guilelmus
1398 1801 1670 1877 Bigotius
1697 1801 2042 1860 Lavalensis
2072 1801 2310 1877 scripsit

474 1891 709 1950 diversa
736 1896 1035 1967 poemata:
1067 1890 1402 1967 Gatoptron,
1422 1891 1484 1948 id
1503 1897 1595 1950 est
1614 1890 1924 1967 speculum
1941 1890 2016 1948 ad
2037 1889 2308 1948 emenda-

474 1980 691 2040 tionem
716 1980 1059 2053 iuventutiS,
1092 1979 1513 2056 epithalamion
1537 1998 1645 2058 pro
1665 1980 1734 2039 D.
1751 1979 2006 2038 Henrico
2027 1979 2308 2038 caducea-

472 2074 601 2129 tore
643 2069 1014 2146 imperatoris
1060 2069 1345 2143 CaesariS,
1391 2069 1812 2147 epigrammata
1854 2068 1918 2127 in
1957 2067 2308 2145 empiricam

475 2160 769 2237 quendam
791 2177 907 2218 una
922 2175 1057 2217 cum
1076 2159 1266 2234 elegia
1282 2158 1359 2217 ad
1372 2158 1639 2217 libellum
1653 2176 1827 2217 suum
1844 2164 1905 2217 et
1917 2156 2050 2216 aliis
2065 2158 2308 2234 quibus-

378 2259 439 2301 20
473 2248 625 2307 dam.
666 2248 845 2307 Ianus
861 2248 1133 2323 AnysiuS,
1159 2252 1334 2324 poeta
1352 2247 1560 2320 faciliS,
1586 2248 1771 2305 multa
1788 2247 2028 2323 reliquit
2041 2252 2307 2323 poemata

473 2337 843 2395 diversorum
866 2342 1359 2413 argumentorum,
1380 2354 1532 2413 quae
1549 2337 1792 2411 longum
1811 2341 1970 2395 esset
1985 2352 2309 2394 recensere.

470 2424 668 2485 Huius
728 2426 915 2484 frater
977 2426 1226 2485 Cosmus
1288 2426 1556 2484 imitatus
1624 2424 1873 2500 vestigia
1935 2430 2022 2483 et·
2056 2424 2187 2501 ipse
2245 2424 2307 2482 in

472 2515 703 2591 poetica
761 2514 1035 2591 profecit3·
1100 2532 1251 2591 quae
1311 2514 1481 2573 cuius
1546 2512 1766 2572 ordinis
1828 2513 1972 2587 sint,
2031 2513 2308 2571 facillime

474 2609 783 2662 emunctae
830 2604 989 2662 naris
1036 2620 1247 2661 censor
1289 2602 1598 2675 iudicabit,
1645 2619 1722 2661 ne
1769 2602 1934 2661 vobis
1981 2602 2080 2660 hic
2123 2603 2310 2661 multa

379 2702 436 2745 25
472 2692 783 2751 inculcem.
873 2691 1159 2751 Ludovici
1186 2691 1436 2751 Pariseti
1471 2692 1718 2751 iunioris
1764 2691 2077 2767 Regiensis
2123 2692 2310 2750 multa

472 2787 743 2858 poemata
800 2786 1065 2853 exstant,
1130 2798 1279 2858 quae
1339 2798 1450 2857 ego
1511 2781 1752 2859 quidem
1811 2780 1958 2852 vidi,
2026 2780 2132 2839 sed
2193 2798 2308 2838 non

472 2876 741 2929 accurate
798 2870 933 2945 legi.
1032 2870 1123 2929 De
1182 2869 1540 2945 Hieronymo
1601 2870 1863 2929 Pariseto
1922 2886 2041 2928 non
2099 2869 2309 2928 attinet

472 2960 644 3036 plura
702 2959 927 3033 dicere,
988 2960 1089 3036 qui
1142 2958 1289 3017 iuris
1335 2959 1578 3036 quidem
1623 2959 1852 3035 peritus
1897 2958 2066 3017 bonis
2113 2962 2309 3017 tamen

472 3048 687 3107 litteris
751 3048 1018 3124 apprime
1080 3047 1374 3122 eruditus,
1441 3054 1508 3107 ut
1577 3048 1680 3124 qui
1734 3046 1956 3107 exierit
2013 3065 2047 3106 e
2108 3047 2309 3105 schola

382 3146 439 3190 30
474 3136 704 3210 Alciati,
747 3143 811 3195 >et
838 3136 1065 3195 Graece
1122 3142 1183 3195 et
1226 3136 1436 3197 Latine
1480 3138 1691 3195 doctus
1737 3154 1946 3195 versus
1993 3134 2307 3213 aliquando

474 3226 785 3301 componit.
852 3223 1131 3285 Gataldus
1166 3224 1405 3285 Siculus
1435 3226 1674 3302 scripsit
1701 3226 1775 3284 de
1801 3231 1990 3284 morte
2017 3224 2308 3302 Alphonsi

472 3314 783 3390 principiS,
844 3314 919 3373 de
977 3316 1133 3373 bello
1193 3315 1391 3373 Africo
1449 3320 1510 3373 et
1561 3319 1841 3391 quattuor
1891 3319 1994 3372 aut
2046 3314 2308 3391 quinque

470 3403 653 3461 libros
688 3402 1008 3477 elegiarum
1039 3408 1100 3462 et
1126 3403 1255 3461 alia.
1328 3403 1577 3462 Iacobus
1608 3403 1886 3461 Lebetius
1915 3402 2306 3461 Ferrariensis

472 3492 627 3550 inter
688 3490 918 3550 sodales
980 3491 1289 3550 canonicos
1352 3492 1411 3551 S.
1469 3491 1795 3551 Servatoris
1857 3492 2026 3550 bonis
2089 3491 2304 3549 litteris

378 3592 435 3635 85
471 3582 733 3640 imbutus
776 3585 838 3639 et
882 3580 945 3639 in
972 3580 1181 3656 primis
1209 3581 1466 3657 poetica3
1514 3581 1684 3639 cuius
1723 3585 1992 3657 poemata
2028 3580 2307 3639 nonnulla
