2796 4185
498 423 583 482 60
1115 435 1438 492 GYRALDVS,
1483 439 1558 479 DE
1603 433 1819 480 Pomm:
1871 411 1880 420 ’

580 615 795 676 edendi
858 617 1052 693 palam
1117 617 1447 676 ostendent.
1509 616 1668 676 ·Sed
1731 622 1798 676 tu
1857 612 1999 676 ⁴c'um
2059 615 2424 674 Lusitaniam

584 712 747 765 tanto
806 706 1063 782 poetices
1116 707 1359 765 honore¹
1387 705 1694 779 inlustres,
1719 723 1724 728 ’
1753 723 1824 764 eo
1878 705 1980 764 illa
2025 705 2084 763 in
2127 711 2189 764 te
2235 705 2424 780 magis

586 795 830 871 ingrata,
876 788 1033 872 quod
1062 801 1121 854 te
1148 801 1270 854 tam
1288 791 1395 852 diu
1423 795 1691 853 exsulem
1719 813 1790 854 ac
1816 796 2134 871 profugum
2159 785 2424 853 diversas

587 884 741 943 orbis
801 890 997 960 partes
1057 881 1368 960 peragrare
1427 883 1726 960 permittit.
1811 882 2044 956 Quanta
2101 883 2320 941 maiora
2364 889 2426 942 et

524 985 551 1027 5
588 974 831 1032 meliora
874 973 1124 1046 faceres,
1172 973 1222 1031 si
1268 973 1513 1031 otiosam
1544 978 1928 1048 pacatamque
1957 989 2168 1048 ageres
2185 967 2422 1032 vitam?

589 1062 788 1121 *Recte
832 1067 897 1120 tu
941 1055 1183 1138 'quidem
1228 1068 1287 1121 et
1334 1079 1472 1120 vere
1519 1056 1592 1120 de
1638 1061 1896 1135 Didaco',
1941 1061 2134 1138 inquit
2171 1060 2425 1132 RicciuS,

588 1151 709 1210 ‘sed
755 1150 1165 1227 permittamus
1210 1169 1348 1209 eum
1394 1149 1605 1224 dicere,
1653 1151 1756 1226 qui
1783 1145 2007 1209 restant
2034 1156 2094 1208 et
2121 1167 2271 1227 quae
2298 1149 2426 1208 eius

591 1245 727 1298 sunt
760 1245 970 1315 partes.
1025 1239 1282 1316 Sequere
1309 1235 1506 1315 igitur,
1535 1257 1568 1298 o
1596 1239 1834 1314 Didace,
1861 1245 2032 1298 tuum
2058 1239 2424 1298 sermonem.’

558 1329 667 1387 -Et
708 1329 809 1387 ille
856 1328 971 1387 sic:
1020 1329 1125 1387 ‘De
1168 1329 1394 1405 reliqua
1427 1347 1565 1387 vero
1603 1333 1726 1387 tota
1751 1325 2036 1404 Hispania
2063 1347 2180 1386 non
2205 1329 2428 1410 multos

502 1430 554 1470 10
591 1417 773 1476 habeo
786 1462 800 1491 ,
860 1435 1009 1494 quos
1068 1418 1341 1490 referam,
1403 1435 1520 1476 non
1575 1417 1732 1494 quod
1785 1418 2035 1476 maiores
2089 1422 2149 1476 et
2201 1417 2428 1492 priscos

587 1505 882 1582 Hispanos
952 1507 1055 1582 qui
1110 1506 1315 1564 vivunt
1383 1524 1499 1564 non
1563 1508 1819 1565 referant
1880 1506 2142 1582 ingeni0,
2207 1507 2428 1578 rohore,

589 1595 829 1669 virtute,
878 1595 981 1654 sed
1028 1596 1186 1672 quod
1230 1615 1266 1654 a
1294 1595 1518 1654 Latinis
1561 1595 1774 1654 litteris
1821 1611 2008 1671 paene
2055 1595 2427 1667 desciverint,

586 1701 669 1742 ex
724 1703 839 1760 quo
885 1683 1105 1758 Mauri,
1133 1677 1461 1744 'Serraceni
1516 1689 1576 1742 et
1620 1685 1832 1760 reliqui
1877 1684 2103 1742 barbari
2154 1701 2428 1759 magnam

588 1771 905 1849 Hispaniae
951 1780 1177 1850 partem
1207 1779 1583 1850 occuparunt,
1632 1773 1691 1830 in
1719 1791 1836 1850 qua
1861 1779 1922 1832 et
1948 1773 2174 1832 litteras
2201 1774 2430 1832 Arabas

501 1873 553 1915 15
588 1867 663 1920 et‘
680 1869 899 1921 sectam
918 1861 1269 1921 Mahometis
1297 1861 1673 1935 induxerunt,
1697 1863 1798 1920 ubi
1817 1866 1878 1921 et
1895 1879 2002 1938 per
2029 1863 2428 1939 septingentos

592 1956 653 2010 et
694 1969 765 2009 eo
812 1947 1065 2027 amplius
1108 1964 1293 2010 annos
1338 1951 1760 2028 imperitarunt,
1807 1945 1994 2009 donec
2028 1951 2430 2010 Ferdinandus

586 2045 649 2101 et
692 2033 941 2099 Isabella
987 2059 1157 2116 reges
1184 2036 1408 2100 diutino
1443 2040 1593 2100 bello
1621 2057 1722 2099 eos
1751 2040 2089 2117 profligatos
2117 2038 2426 2099 eiecerunt.

589 2130 683 2187 Ex
730 2148 845 2206 quo
890 2136 1155 2205 tempore
1174 2175 1181 2180 .
1202 2136 1261 2189 et
1288 2130 1526 2188 Latinas
1571 2130 1798 2189 litteras
1836 2135 1903 2188 ut
1941 2130 2134 2205 prisco
2163 2134 2430 2206 tempore

594 2219 864 2277 excolere
911 2213 1243 2294 coeperunt,
1291 2218 1648 2295 fueruntque
1693 2225 1753 2277 et
1783 2224 1938 2277 ¹sunt
1968 2220 2042 2278 ab
2071 2237 2140 2277 eo
2167 2224 2430 2295 tempore

500 2318 555 2360 20
592 2300 873 2383 plerique,
913 2307 1013 2383 qui
1038 2306 1101 2364 in
1132 2302 1455 2383 disciplinis
1483 2308 1692 2367 ceteris
1721 2312 1783 2367 et
1811 2309 1874 2366 in
1901 2308 2127 2384 poetica
2153 2308 2430 2366 facultate

597 2394 942 2468 floruerunt,
1016 2406 1261 2472 quorum
1329 2402 1388 2454 et
1449 2392 1760 2455 nonnullos
1821 2398 1908 2455 tu'
1953 2396 2216 2473 quidem,
2289 2396 2429 2469 Lili,

593 2482 814 2542 Romae
866 2502 1043 2543 nosse
1075 2485 1369 2561 -potuisti3
1435 2486 1579 2545 illuc
1636 2486 1794 2544 enim
1851 2504 1929 2545 ex
1985 2486 2146 2545 omni
2166 2486 2430 2545 “natione

592 2572 789 2649 aliqua
824 2574 1059 2633 virtute
1122 2579 1488 2651 praestantes
1543 2576 1880 2650 confugere·
1905 2574 2126 2633 solent?
2216 2572 2429 2647 ‘Vere‘,

506 2673 592 2726 [το]
652 2662 918 2739 inquam,
974 2666 1055 2721 ‘tu
1100 2664 1355 2740 quidem,
1404 2664 1623 2723 Didace
1641 2672 1666 2740 3'
1697 2664 1706 2743 1
1745 2680 1882 2723 nam
1929 2664 2146 2727 multos
2193 2659 2426 2739 quidem

500 2762 555 2804 25
588 2750 837 2826 cognovi
852 2758 915 2811 et
932 2770 1107 2811 versu
1126 2758 1187 2811 et
1204 2770 1394 2829 prosa,
1425 2751 1529 2811 sed
1547 2752 1814 2811 doctrina
1833 2753 2019 2828 magis
2049 2757 2430 2829 praestante&

594 2846 662 2898 ut
673 2840 949 2899 ‘Ioannem
962 2840 1283 2910 Genesium
1293 2840 1705 2918 Sepulvcdam,
1721 2842 1898 2918 quiet
1913 2840 2132 2901 Graece
2151 2846 2211 2899 et
2223 2840 2431 2899 Latine

590 2934 653 2987 et
712 2930 877 2987 bonis
936 2930 1205 2989 omnibus
1262 2931 1488 2989 artibus
1534 2936 1640 2989 est
1691 2928 1962 2989 eruditus
2007 2930 2070 2988 in
2110 2930 2432 3007 primisque

544 3010 547 3015 ’
596 3018 965 3094 philosophia
1008 3024 1069 3077 et
1094 3020 1406 3094 theologia,
1451 3025 1511 3078 et
1539 3038 1675 3077 cum
1701 3036 1771 3077 eo
1797 3019 2118 3092 Stunicam,
2165 3018 2266 3095 qui
2295 3038 2431 3077 cum

592 3104 836 3165 Erasmo
854 3107 1187 3166 inimicitias
1198 3109 1383 3183 gessit
1394 3126 1531 3167 cum
1547 3124 1734 3184 eoque
1750 3108 1994 3167 certavit
2011 3108 2226 3185 pietate
2239 3108 2432 3183 magis

502 3208 559 3248 a)
593 3206 775 3271 quam
818 3196 1098 3256 doctrina.
1163 3196 1298 3255 Fuit
1342 3203 1402 3256 et
1447 3196 1685 3273 quidem
1726 3197 1869 3255 mih-i
1905 3216 2043 3255 cum
2077 3196 2432 3273 supradictis

592 3284 779 3343 multa
794 3285 1183 3344 familiaritate
1200 3280 1439 3344 iunctus
1449 3286 1696 3344 Ioannes
1707 3284 2027 3362 Hispanus,
2043 3286 2432 3361 philosophus

590 3373 1030 3432 subtilissimus.
1090 3372 1353 3449 Cognovi
1396 3380 1698 3451 praeterea
1726 3374 2046 3433 Antonium
2087 3374 2432 3433 Nebrissen-

590 3480 720 3521 sem
752 3462 1099 3521 adulescens
1118 3463 1428 3537 Bononiae,
1458 3464 1560 3522 ubi
1577 3482 1686 3539 per
1711 3463 1935 3540 aliquot
1963 3480 2146 3521 annos
2177 3480 2434 3522 commo-

594 3556 757 3609 ratus
776 3557 895 3609 ·est
936 3557 997 3611 et
1022 3550 1257 3611 ibidem
1302 3558 1461 3611 certa
1505 3552 1668 3611 dedit
1712 3570 1864 3611 suaev
1885 3552 2092 3611 variae
2137 3548 2434 3611 doctrinae

503 3650 559 3691 35
592 3638 959 3698 documenta.
1008 3640 1127 3699 Sed
1146 3658 1505 3717 quamquam
1524 3641 1586 3699 hi
1607 3640 1716 3698 viri
1735 3640 2058 3699 doctissimi
2082 3638 2433 3712 exstiterint,
