<?xml version="1.0" encoding="UTF-8"?>
<!DOCTYPE html PUBLIC "-//W3C//DTD XHTML 1.0 Transitional//EN"
    "http://www.w3.org/TR/xhtml1/DTD/xhtml1-transitional.dtd">
<html xmlns="http://www.w3.org/1999/xhtml" xml:lang="en" lang="en">
 <head>
  <title>
</title>
<meta http-equiv="Content-Type" content="text/html;charset=utf-8" />
  <meta name='ocr-system' content='tesseract 3.04.00' />
  <meta name='ocr-capabilities' content='ocr_page ocr_carea ocr_par ocr_line ocrx_word'/>
</head>
<body>
  <div class='ocr_page' id='page_1' title='image "./lilivsgregorivs00unkngoog/lilivsgregorivs00unkngoog_0057.png"; bbox 0 0 2796 4185; ppageno 0'>
   <div class='ocr_carea' id='block_1_1' title="bbox 1017 394 2322 465">
    <p class='ocr_par' dir='ltr' id='par_1_1' title="bbox 1017 394 2322 465">
     <span class='ocr_line' id='line_1_1' title="bbox 1017 394 2322 465; baseline 0.001 -14"><span class='ocrx_word' id='word_1_1' title='bbox 1017 411 1344 465; x_wconf 74' lang='lat' dir='ltr'>GYRAans,</span> <span class='ocrx_word' id='word_1_2' title='bbox 1387 411 1464 450; x_wconf 81' lang='lat' dir='ltr'>DE</span> <span class='ocrx_word' id='word_1_3' title='bbox 1509 410 1721 452; x_wconf 66' lang='lat' dir='ltr'>pomus.</span> <span class='ocrx_word' id='word_1_4' title='bbox 2244 394 2322 452; x_wconf 84' lang='lat'>27</span> 
     </span>
    </p>
   </div>
   <div class='ocr_carea' id='block_1_2' title="bbox 387 587 2339 3584">
    <p class='ocr_par' dir='ltr' id='par_1_2' title="bbox 387 587 2339 3584">
     <span class='ocr_line' id='line_1_2' title="bbox 495 587 2328 664; baseline 0.001 -20"><span class='ocrx_word' id='word_1_5' title='bbox 495 587 704 663; x_wconf 88' lang='lat' dir='ltr'>quibus</span> <span class='ocrx_word' id='word_1_6' title='bbox 751 605 931 664; x_wconf 87' lang='lat' dir='ltr'>penes</span> <span class='ocrx_word' id='word_1_7' title='bbox 978 605 1270 664; x_wconf 80' lang='lat' dir='ltr'>quemque</span> <span class='ocrx_word' id='word_1_8' title='bbox 1317 606 1489 646; x_wconf 89' lang='lat' dir='ltr'>suum</span> <span class='ocrx_word' id='word_1_9' title='bbox 1540 588 1615 646; x_wconf 83' lang='lat' dir='ltr'>sit</span> <span class='ocrx_word' id='word_1_10' title='bbox 1658 587 1967 646; x_wconf 90' lang='lat' dir='ltr'>iudicium:</span> <span class='ocrx_word' id='word_1_11' title='bbox 2015 607 2125 664; x_wconf 89' lang='lat' dir='ltr'>ego</span> <span class='ocrx_word' id='word_1_12' title='bbox 2153 588 2226 646; x_wconf 91' lang='lat' dir='ltr'>de</span> <span class='ocrx_word' id='word_1_13' title='bbox 2252 588 2328 646; x_wconf 88' lang='lat' dir='ltr'>iis</span> 
     </span>
     <span class='ocr_line' id='line_1_3' title="bbox 495 669 2327 752; baseline 0.001 -19"><span class='ocrx_word' id='word_1_14' title='bbox 495 676 654 749; x_wconf 87' lang='lat' dir='ltr'>nihil,</span> <span class='ocrx_word' id='word_1_15' title='bbox 693 677 849 752; x_wconf 88' lang='lat' dir='ltr'>quod</span> <span class='ocrx_word' id='word_1_16' title='bbox 896 677 1006 735; x_wconf 93' lang='lat' dir='ltr'>hoc</span> <span class='ocrx_word' id='word_1_17' title='bbox 1049 695 1159 752; x_wconf 89' lang='lat' dir='ltr'>ego</span> <span class='ocrx_word' id='word_1_18' title='bbox 1198 669 1352 752; x_wconf 60' lang='lat' dir='ltr'>&#39;puer</span> <span class='ocrx_word' id='word_1_19' title='bbox 1397 694 1544 736; x_wconf 91' lang='lat' dir='ltr'>usus</span> <span class='ocrx_word' id='word_1_20' title='bbox 1590 695 1721 735; x_wconf 89' lang='lat' dir='ltr'>sum</span> <span class='ocrx_word' id='word_1_21' title='bbox 1766 677 2018 750; x_wconf 88' lang='lat' dir='ltr'>doctore,</span> <span class='ocrx_word' id='word_1_22' title='bbox 2064 677 2125 734; x_wconf 91' lang='lat' dir='ltr'>id</span> <span class='ocrx_word' id='word_1_23' title='bbox 2172 676 2327 752; x_wconf 87' lang='lat' dir='ltr'>quod</span> 
     </span>
     <span class='ocr_line' id='line_1_4' title="bbox 435 765 2329 842; baseline 0.001 -20"><span class='ocrx_word' id='word_1_24' title='bbox 435 807 442 814; x_wconf 89' lang='lat'>.</span> <span class='ocrx_word' id='word_1_25' title='bbox 494 783 788 841; x_wconf 87' lang='lat' dir='ltr'>nunquam</span> <span class='ocrx_word' id='word_1_26' title='bbox 849 766 1086 842; x_wconf 85' lang='lat' dir='ltr'>pigebit.</span> <span class='ocrx_word' id='word_1_27' title='bbox 1176 765 1312 824; x_wconf 84' lang='lat' dir='ltr'><strong>Fuit</strong></span> <span class='ocrx_word' id='word_1_28' title='bbox 1367 783 1506 824; x_wconf 80' lang='lat' dir='ltr'>vero</span> <span class='ocrx_word' id='word_1_29' title='bbox 1564 766 1625 823; x_wconf 91' lang='lat' dir='ltr'>in</span> <span class='ocrx_word' id='word_1_30' title='bbox 1680 765 1913 841; x_wconf 88' lang='lat' dir='ltr'>publice</span> <span class='ocrx_word' id='word_1_31' title='bbox 1957 765 2329 842; x_wconf 81' lang='lat' dir='ltr'>perlegendis</span> 
     </span>
     <span class='ocr_line' id='line_1_5' title="bbox 494 854 2329 932; baseline 0.001 -21"><span class='ocrx_word' id='word_1_32' title='bbox 494 855 826 913; x_wconf 84' lang='lat' dir='ltr'>auctoribus</span> <span class='ocrx_word' id='word_1_33' title='bbox 901 873 1006 914; x_wconf 90' lang='lat' dir='ltr'>suo</span> <span class='ocrx_word' id='word_1_34' title='bbox 1071 861 1332 931; x_wconf 81' lang='lat' dir='ltr'>tempore</span> <span class='ocrx_word' id='word_1_35' title='bbox 1403 854 1556 913; x_wconf 82' lang='lat' dir='ltr'>inter</span> <span class='ocrx_word' id='word_1_36' title='bbox 1617 854 1925 932; x_wconf 80' lang='lat' dir='ltr'>principes,</span> <span class='ocrx_word' id='word_1_37' title='bbox 2030 854 2329 930; x_wconf 80' lang='lat' dir='ltr'>Baptistae</span> 
     </span>
     <span class='ocr_line' id='line_1_6' title="bbox 433 943 2331 1020; baseline 0.003 -24"><span class='ocrx_word' id='word_1_38' title='bbox 433 957 459 996; x_wconf 81' lang='lat'>··›</span> <span class='ocrx_word' id='word_1_39' title='bbox 499 943 772 1017; x_wconf 82' lang='lat' dir='ltr'>succedit,</span> <span class='ocrx_word' id='word_1_40' title='bbox 833 950 899 1001; x_wconf 88' lang='lat' dir='ltr'>ut</span> <span class='ocrx_word' id='word_1_41' title='bbox 953 943 1153 1016; x_wconf 81' lang='lat' dir='ltr'>nostiS,</span> <span class='ocrx_word' id='word_1_42' title='bbox 1209 943 1559 1017; x_wconf 82' lang='lat' dir='ltr'>Alexander,</span> <span class='ocrx_word' id='word_1_43' title='bbox 1621 943 1721 1020; x_wconf 84' lang='lat' dir='ltr'>qui</span> <span class='ocrx_word' id='word_1_44' title='bbox 1778 950 2018 1019; x_wconf 88' lang='lat' dir='ltr'>paterna</span> <span class='ocrx_word' id='word_1_45' title='bbox 2072 949 2131 1002; x_wconf 85' lang='lat' dir='ltr'>et</span> <span class='ocrx_word' id='word_1_46' title='bbox 2174 943 2331 1002; x_wconf 84' lang='lat' dir='ltr'>avita</span> 
     </span>
     <span class='ocr_line' id='line_1_7' title="bbox 498 1031 2328 1092; baseline 0 -2"><span class='ocrx_word' id='word_1_47' title='bbox 498 1032 689 1090; x_wconf 87' lang='lat' dir='ltr'>studia</span> <span class='ocrx_word' id='word_1_48' title='bbox 753 1033 1066 1091; x_wconf 83' lang='lat' dir='ltr'>continuat.</span> <span class='ocrx_word' id='word_1_49' title='bbox 1159 1033 1274 1092; x_wconf 86' lang='lat' dir='ltr'>Sed</span> <span class='ocrx_word' id='word_1_50' title='bbox 1340 1032 1415 1092; x_wconf 90' lang='lat' dir='ltr'>de</span> <span class='ocrx_word' id='word_1_51' title='bbox 1477 1033 1665 1091; x_wconf 83' lang='lat' dir='ltr'>tribus</span> <span class='ocrx_word' id='word_1_52' title='bbox 1728 1033 1821 1091; x_wconf 88' lang='lat' dir='ltr'>his</span> <span class='ocrx_word' id='word_1_53' title='bbox 1882 1031 2155 1091; x_wconf 84' lang='lat' dir='ltr'>Guarinis</span> <span class='ocrx_word' id='word_1_54' title='bbox 2218 1031 2328 1090; x_wconf 91' lang='lat' dir='ltr'>etsi</span> 
     </span>
     <span class='ocr_line' id='line_1_8' title="bbox 497 1121 2329 1197; baseline 0.001 -19"><span class='ocrx_word' id='word_1_55' title='bbox 497 1121 638 1179; x_wconf 86' lang='lat' dir='ltr'>alias</span> <span class='ocrx_word' id='word_1_56' title='bbox 685 1121 1073 1194; x_wconf 84' lang='lat' dir='ltr'>commemini,</span> <span class='ocrx_word' id='word_1_57' title='bbox 1121 1122 1277 1197; x_wconf 88' lang='lat' dir='ltr'>quod</span> <span class='ocrx_word' id='word_1_58' title='bbox 1323 1139 1402 1180; x_wconf 82' lang='lat' dir='ltr'>ex</span> <span class='ocrx_word' id='word_1_59' title='bbox 1446 1140 1563 1179; x_wconf 87' lang='lat' dir='ltr'>una</span> <span class='ocrx_word' id='word_1_60' title='bbox 1606 1121 1825 1180; x_wconf 81' lang='lat' dir='ltr'>familia</span> <span class='ocrx_word' id='word_1_61' title='bbox 1872 1139 1988 1180; x_wconf 86' lang='lat' dir='ltr'>una</span> <span class='ocrx_word' id='word_1_62' title='bbox 2034 1121 2181 1180; x_wconf 89' lang='lat' dir='ltr'>serie</span> <span class='ocrx_word' id='word_1_63' title='bbox 2208 1126 2329 1180; x_wconf 84' lang='lat' dir='ltr'>tres</span> 
     </span>
     <span class='ocr_line' id='line_1_9' title="bbox 495 1210 2330 1286; baseline 0 -18"><span class='ocrx_word' id='word_1_64' title='bbox 495 1210 827 1268; x_wconf 80' lang='lat' dir='ltr'>exstiterint</span> <span class='ocrx_word' id='word_1_65' title='bbox 886 1210 1177 1285; x_wconf 74' lang='lat' dir='ltr'>insigneS,</span> <span class='ocrx_word' id='word_1_66' title='bbox 1243 1210 1316 1268; x_wconf 91' lang='lat' dir='ltr'>de</span> <span class='ocrx_word' id='word_1_67' title='bbox 1373 1210 1563 1286; x_wconf 89' lang='lat' dir='ltr'>poetis</span> <span class='ocrx_word' id='word_1_68' title='bbox 1627 1211 1863 1286; x_wconf 85' lang='lat' dir='ltr'>quidem</span> <span class='ocrx_word' id='word_1_69' title='bbox 1920 1210 2073 1268; x_wconf 90' lang='lat' dir='ltr'>inter</span> <span class='ocrx_word' id='word_1_70' title='bbox 2130 1215 2330 1286; x_wconf 85' lang='lat' dir='ltr'>poetas</span> 
     </span>
     <span class='ocr_line' id='line_1_10' title="bbox 501 1298 2331 1372; baseline 0.001 -17"><span class='ocrx_word' id='word_1_71' title='bbox 501 1305 724 1357; x_wconf 84' lang='lat' dir='ltr'>veteres</span> <span class='ocrx_word' id='word_1_72' title='bbox 751 1298 997 1372; x_wconf 87' lang='lat' dir='ltr'>ostendi,</span> <span class='ocrx_word' id='word_1_73' title='bbox 1027 1299 1100 1357; x_wconf 90' lang='lat' dir='ltr'>de</span> <span class='ocrx_word' id='word_1_74' title='bbox 1129 1299 1453 1358; x_wconf 85' lang='lat' dir='ltr'>oratoribus</span> <span class='ocrx_word' id='word_1_75' title='bbox 1480 1299 1709 1357; x_wconf 83' lang='lat' dir='ltr'>Plinius</span> <span class='ocrx_word' id='word_1_76' title='bbox 1736 1299 1811 1358; x_wconf 89' lang='lat' dir='ltr'>iis</span> <span class='ocrx_word' id='word_1_77' title='bbox 1857 1299 2050 1358; x_wconf 81' lang='lat' dir='ltr'>verbis</span> <span class='ocrx_word' id='word_1_78' title='bbox 2079 1298 2331 1358; x_wconf 82' lang='lat' dir='ltr'>ostendit</span> 
     </span>
     <span class='ocr_line' id='line_1_11' title="bbox 409 1387 2330 1464; baseline 0 -19"><span class='ocrx_word' id='word_1_79' title='bbox 409 1402 460 1440; x_wconf 87' lang='lat'>10</span> <span class='ocrx_word' id='word_1_80' title='bbox 496 1389 570 1446; x_wconf 84' lang='lat' dir='ltr'>de</span> <span class='ocrx_word' id='word_1_81' title='bbox 616 1407 731 1446; x_wconf 88' lang='lat' dir='ltr'>una</span> <span class='ocrx_word' id='word_1_82' title='bbox 782 1388 1002 1446; x_wconf 85' lang='lat' dir='ltr'>familia</span> <span class='ocrx_word' id='word_1_83' title='bbox 1048 1387 1382 1462; x_wconf 87' lang='lat' dir='ltr'>Curionum,</span> <span class='ocrx_word' id='word_1_84' title='bbox 1429 1389 1489 1446; x_wconf 94' lang='lat' dir='ltr'>in</span> <span class='ocrx_word' id='word_1_85' title='bbox 1536 1406 1653 1464; x_wconf 88' lang='lat' dir='ltr'>qua</span> <span class='ocrx_word' id='word_1_86' title='bbox 1697 1394 1817 1447; x_wconf 90' lang='lat' dir='ltr'>tres</span> <span class='ocrx_word' id='word_1_87' title='bbox 1864 1389 2135 1447; x_wconf 87' lang='lat' dir='ltr'>continua</span> <span class='ocrx_word' id='word_1_88' title='bbox 2182 1387 2330 1446; x_wconf 89' lang='lat' dir='ltr'>serie</span> 
     </span>
     <span class='ocr_line' id='line_1_12' title="bbox 505 1476 2331 1550; baseline -0.001 -16"><span class='ocrx_word' id='word_1_89' title='bbox 505 1483 761 1536; x_wconf 87' lang='lat' dir='ltr'>oratores</span> <span class='ocrx_word' id='word_1_90' title='bbox 806 1477 1176 1536; x_wconf 86' lang='lat' dir='ltr'>exstiterunt.</span> <span class='ocrx_word' id='word_1_91' title='bbox 1269 1476 1461 1550; x_wconf 80' lang='lat' dir='ltr'>Quare</span> <span class='ocrx_word' id='word_1_92' title='bbox 1510 1483 1707 1536; x_wconf 89' lang='lat' dir='ltr'>autem</span> <span class='ocrx_word' id='word_1_93' title='bbox 1750 1477 1812 1534; x_wconf 93' lang='lat' dir='ltr'>id</span> <span class='ocrx_word' id='word_1_94' title='bbox 1858 1477 2151 1536; x_wconf 82' lang='lat' dir='ltr'>rarissime</span> <span class='ocrx_word' id='word_1_95' title='bbox 2196 1494 2331 1534; x_wconf 88' lang='lat' dir='ltr'>con-</span> 
     </span>
     <span class='ocr_line' id='line_1_13' title="bbox 503 1565 2331 1643; baseline 0 -19"><span class='ocrx_word' id='word_1_96' title='bbox 503 1567 705 1642; x_wconf 86' lang='lat' dir='ltr'>tingat,</span> <span class='ocrx_word' id='word_1_97' title='bbox 753 1567 801 1624; x_wconf 90' lang='lat' dir='ltr'>si</span> <span class='ocrx_word' id='word_1_98' title='bbox 846 1566 944 1625; x_wconf 90' lang='lat' dir='ltr'>hic</span> <span class='ocrx_word' id='word_1_99' title='bbox 989 1566 1438 1643; x_wconf 89' lang='lat' dir='ltr'>philosophandi</span> <span class='ocrx_word' id='word_1_100' title='bbox 1483 1566 1649 1625; x_wconf 92' lang='lat' dir='ltr'>locus</span> <span class='ocrx_word' id='word_1_101' title='bbox 1692 1572 1867 1640; x_wconf 88' lang='lat' dir='ltr'>esset,</span> <span class='ocrx_word' id='word_1_102' title='bbox 1913 1585 1989 1624; x_wconf 86' lang='lat' dir='ltr'>ex</span> <span class='ocrx_word' id='word_1_103' title='bbox 2018 1565 2331 1624; x_wconf 83' lang='lat' dir='ltr'>Aristotele</span> 
     </span>
     <span class='ocr_line' id='line_1_14' title="bbox 497 1655 2333 1731; baseline -0.001 -17"><span class='ocrx_word' id='word_1_104' title='bbox 497 1661 556 1714; x_wconf 83' lang='lat' dir='ltr'>et</span> <span class='ocrx_word' id='word_1_105' title='bbox 613 1655 926 1716; x_wconf 83' lang='lat' dir='ltr'>Plutarcho</span> <span class='ocrx_word' id='word_1_106' title='bbox 989 1655 1175 1714; x_wconf 85' lang='lat' dir='ltr'>multa</span> <span class='ocrx_word' id='word_1_107' title='bbox 1232 1655 1461 1714; x_wconf 80' lang='lat' dir='ltr'>adferre</span> <span class='ocrx_word' id='word_1_108' title='bbox 1519 1673 1780 1731; x_wconf 80' lang='lat' dir='ltr'>possem3</span> <span class='ocrx_word' id='word_1_109' title='bbox 1848 1655 1951 1714; x_wconf 92' lang='lat' dir='ltr'>sed</span> <span class='ocrx_word' id='word_1_110' title='bbox 2018 1673 2333 1731; x_wconf 87' lang='lat' dir='ltr'>sequamur</span> 
     </span>
     <span class='ocr_line' id='line_1_15' title="bbox 501 1744 2332 1817; baseline 0 -16"><span class='ocrx_word' id='word_1_111' title='bbox 501 1751 766 1804; x_wconf 88' lang='lat' dir='ltr'>nostrum</span> <span class='ocrx_word' id='word_1_112' title='bbox 794 1762 1136 1804; x_wconf 90' lang='lat' dir='ltr'>sermonem.</span> <span class='ocrx_word' id='word_1_113' title='bbox 1195 1744 1357 1803; x_wconf 84' lang='lat' dir='ltr'>Inter</span> <span class='ocrx_word' id='word_1_114' title='bbox 1385 1749 1611 1803; x_wconf 88' lang='lat' dir='ltr'>veteres</span> <span class='ocrx_word' id='word_1_115' title='bbox 1640 1744 1771 1802; x_wconf 89' lang='lat' dir='ltr'>illos</span> <span class='ocrx_word' id='word_1_116' title='bbox 1798 1744 1910 1802; x_wconf 82' lang='lat' dir='ltr'>fuit</span> <span class='ocrx_word' id='word_1_117' title='bbox 1936 1744 2332 1817; x_wconf 83' lang='lat' dir='ltr'>Hieronymus</span> 
     </span>
     <span class='ocr_line' id='line_1_16' title="bbox 413 1833 2333 1904; baseline -0.002 -12"><span class='ocrx_word' id='word_1_118' title='bbox 413 1847 462 1885; x_wconf 75' lang='lat'>15</span> <span class='ocrx_word' id='word_1_119' title='bbox 501 1833 790 1892; x_wconf 82' lang='lat' dir='ltr'>Castellus</span> <span class='ocrx_word' id='word_1_120' title='bbox 857 1833 1246 1892; x_wconf 65' lang='lat' dir='ltr'>Ferraiiensis</span> <span class='ocrx_word' id='word_1_121' title='bbox 1317 1834 1431 1892; x_wconf 87' lang='lat' dir='ltr'>etsi</span> <span class='ocrx_word' id='word_1_122' title='bbox 1502 1833 1791 1904; x_wconf 78' lang='lat' dir='ltr'>medicuS,</span> <span class='ocrx_word' id='word_1_123' title='bbox 1864 1839 2056 1892; x_wconf 84' lang='lat' dir='ltr'>orator</span> <span class='ocrx_word' id='word_1_124' title='bbox 2137 1837 2333 1890; x_wconf 86' lang='lat' dir='ltr'>tamen</span> 
     </span>
     <span class='ocr_line' id='line_1_17' title="bbox 501 1921 2333 1999; baseline -0.002 -19"><span class='ocrx_word' id='word_1_125' title='bbox 501 1923 736 1981; x_wconf 88' lang='lat' dir='ltr'>habitus</span> <span class='ocrx_word' id='word_1_126' title='bbox 796 1922 1185 1999; x_wconf 86' lang='lat' dir='ltr'>egregiusque</span> <span class='ocrx_word' id='word_1_127' title='bbox 1240 1929 1426 1998; x_wconf 88' lang='lat' dir='ltr'>poeta.</span> <span class='ocrx_word' id='word_1_128' title='bbox 1526 1921 1683 1980; x_wconf 89' lang='lat' dir='ltr'>Huic</span> <span class='ocrx_word' id='word_1_129' title='bbox 1726 1928 1845 1981; x_wconf 86' lang='lat' dir='ltr'>tam</span> <span class='ocrx_word' id='word_1_130' title='bbox 1893 1921 2043 1981; x_wconf 86' lang='lat' dir='ltr'>acris</span> <span class='ocrx_word' id='word_1_131' title='bbox 2089 1938 2333 1980; x_wconf 85' lang='lat' dir='ltr'>censura</span> 
     </span>
     <span class='ocr_line' id='line_1_18' title="bbox 499 2009 2332 2086; baseline 0 -18"><span class='ocrx_word' id='word_1_132' title='bbox 499 2011 626 2084; x_wconf 79' lang='lat' dir='ltr'>fuit,</span> <span class='ocrx_word' id='word_1_133' title='bbox 675 2018 741 2069; x_wconf 88' lang='lat' dir='ltr'>ut</span> <span class='ocrx_word' id='word_1_134' title='bbox 787 2011 1041 2070; x_wconf 85' lang='lat' dir='ltr'>moriens</span> <span class='ocrx_word' id='word_1_135' title='bbox 1086 2016 1432 2070; x_wconf 86' lang='lat' dir='ltr'>testamento</span> <span class='ocrx_word' id='word_1_136' title='bbox 1478 2011 1711 2085; x_wconf 83' lang='lat' dir='ltr'>caverit,</span> <span class='ocrx_word' id='word_1_137' title='bbox 1756 2029 1830 2070; x_wconf 90' lang='lat' dir='ltr'>ne</span> <span class='ocrx_word' id='word_1_138' title='bbox 1866 2011 1971 2070; x_wconf 86' lang='lat' dir='ltr'>filii</span> <span class='ocrx_word' id='word_1_139' title='bbox 1999 2009 2332 2086; x_wconf 85' lang='lat' dir='ltr'>posterique</span> 
     </span>
     <span class='ocr_line' id='line_1_19' title="bbox 417 2095 2333 2184; baseline 0.002 -30"><span class='ocrx_word' id='word_1_140' title='bbox 417 2113 504 2165; x_wconf 76' lang='lat'><strong>[33]</strong></span> <span class='ocrx_word' id='word_1_141' title='bbox 566 2119 673 2160; x_wconf 89' lang='lat' dir='ltr'>sua</span> <span class='ocrx_word' id='word_1_142' title='bbox 717 2095 864 2184; x_wconf 68' lang='lat' dir='ltr'>ede-l</span> <span class='ocrx_word' id='word_1_143' title='bbox 897 2107 1056 2177; x_wconf 71' lang='lat' dir='ltr'>rent,</span> <span class='ocrx_word' id='word_1_144' title='bbox 1117 2102 1244 2159; x_wconf 91' lang='lat' dir='ltr'>eius</span> <span class='ocrx_word' id='word_1_145' title='bbox 1290 2108 1486 2160; x_wconf 89' lang='lat' dir='ltr'>tamen</span> <span class='ocrx_word' id='word_1_146' title='bbox 1534 2101 1762 2160; x_wconf 85' lang='lat' dir='ltr'>sublata</span> <span class='ocrx_word' id='word_1_147' title='bbox 1807 2100 2093 2177; x_wconf 83' lang='lat' dir='ltr'>quaedam</span> <span class='ocrx_word' id='word_1_148' title='bbox 2137 2100 2333 2175; x_wconf 88' lang='lat' dir='ltr'>legere</span> 
     </span>
     <span class='ocr_line' id='line_1_20' title="bbox 502 2189 2333 2266; baseline 0 -19"><span class='ocrx_word' id='word_1_149' title='bbox 502 2190 646 2247; x_wconf 89' lang='lat' dir='ltr'>mihi</span> <span class='ocrx_word' id='word_1_150' title='bbox 710 2190 970 2265; x_wconf 88' lang='lat' dir='ltr'>contigit,</span> <span class='ocrx_word' id='word_1_151' title='bbox 1044 2208 1194 2266; x_wconf 85' lang='lat' dir='ltr'>quae</span> <span class='ocrx_word' id='word_1_152' title='bbox 1257 2208 1370 2248; x_wconf 91' lang='lat' dir='ltr'>non</span> <span class='ocrx_word' id='word_1_153' title='bbox 1447 2190 1572 2249; x_wconf 92' lang='lat' dir='ltr'>sine</span> <span class='ocrx_word' id='word_1_154' title='bbox 1619 2190 1847 2249; x_wconf 88' lang='lat' dir='ltr'>Venere</span> <span class='ocrx_word' id='word_1_155' title='bbox 1910 2189 2140 2248; x_wconf 86' lang='lat' dir='ltr'>condita</span> <span class='ocrx_word' id='word_1_156' title='bbox 2202 2206 2333 2247; x_wconf 91' lang='lat' dir='ltr'>esse</span> 
     </span>
     <span class='ocr_line' id='line_1_21' title="bbox 410 2277 2333 2355; baseline 0.003 -24"><span class='ocrx_word' id='word_1_157' title='bbox 410 2292 464 2332; x_wconf 81' lang='lat'>20</span> <span class='ocrx_word' id='word_1_158' title='bbox 502 2279 861 2339; x_wconf 84' lang='lat' dir='ltr'>videbantur.</span> <span class='ocrx_word' id='word_1_159' title='bbox 939 2278 1222 2338; x_wconf 87' lang='lat' dir='ltr'>Eiusdem</span> <span class='ocrx_word' id='word_1_160' title='bbox 1275 2280 1396 2337; x_wconf 83' lang='lat' dir='ltr'>fere</span> <span class='ocrx_word' id='word_1_161' title='bbox 1452 2279 1732 2355; x_wconf 86' lang='lat' dir='ltr'>temporis</span> <span class='ocrx_word' id='word_1_162' title='bbox 1776 2280 1939 2337; x_wconf 80' lang='lat' dir='ltr'>fuere</span> <span class='ocrx_word' id='word_1_163' title='bbox 1985 2277 2333 2337; x_wconf 86' lang='lat' dir='ltr'>Mutinensis</span> 
     </span>
     <span class='ocr_line' id='line_1_22' title="bbox 503 2366 2335 2444; baseline 0 -19"><span class='ocrx_word' id='word_1_164' title='bbox 503 2368 853 2427; x_wconf 85' lang='lat' dir='ltr'>Tribrachus</span> <span class='ocrx_word' id='word_1_165' title='bbox 901 2373 967 2426; x_wconf 91' lang='lat' dir='ltr'>et</span> <span class='ocrx_word' id='word_1_166' title='bbox 1025 2368 1330 2443; x_wconf 85' lang='lat' dir='ltr'>Regiensis</span> <span class='ocrx_word' id='word_1_167' title='bbox 1375 2368 1647 2441; x_wconf 88' lang='lat' dir='ltr'>Luceius,</span> <span class='ocrx_word' id='word_1_168' title='bbox 1694 2368 1794 2444; x_wconf 92' lang='lat' dir='ltr'>qui</span> <span class='ocrx_word' id='word_1_169' title='bbox 1840 2373 1900 2426; x_wconf 91' lang='lat' dir='ltr'>et</span> <span class='ocrx_word' id='word_1_170' title='bbox 1945 2367 2139 2426; x_wconf 90' lang='lat' dir='ltr'>Lucas</span> <span class='ocrx_word' id='word_1_171' title='bbox 2184 2366 2335 2443; x_wconf 89' lang='lat' dir='ltr'>Ripa</span> 
     </span>
     <span class='ocr_line' id='line_1_23' title="bbox 387 2456 2334 2533; baseline -0.001 -18"><span class='ocrx_word' id='word_1_172' title='bbox 387 2497 391 2501; x_wconf 90' lang='lat'><em>-</em></span> <span class='ocrx_word' id='word_1_173' title='bbox 503 2457 639 2532; x_wconf 80' lang='lat' dir='ltr'>fuit3</span> <span class='ocrx_word' id='word_1_174' title='bbox 687 2475 804 2533; x_wconf 86' lang='lat' dir='ltr'>quo</span> <span class='ocrx_word' id='word_1_175' title='bbox 850 2457 1084 2515; x_wconf 84' lang='lat' dir='ltr'>doctore</span> <span class='ocrx_word' id='word_1_176' title='bbox 1130 2474 1261 2515; x_wconf 89' lang='lat' dir='ltr'>sum</span> <span class='ocrx_word' id='word_1_177' title='bbox 1308 2456 1623 2533; x_wconf 86' lang='lat' dir='ltr'>aliquando</span> <span class='ocrx_word' id='word_1_178' title='bbox 1670 2475 1830 2516; x_wconf 84' lang='lat' dir='ltr'>usus,</span> <span class='ocrx_word' id='word_1_179' title='bbox 1904 2456 2067 2515; x_wconf 86' lang='lat' dir='ltr'>Inter</span> <span class='ocrx_word' id='word_1_180' title='bbox 2112 2462 2334 2515; x_wconf 88' lang='lat' dir='ltr'>ceteras</span> 
     </span>
     <span class='ocr_line' id='line_1_24' title="bbox 499 2545 2336 2622; baseline -0.001 -18"><span class='ocrx_word' id='word_1_181' title='bbox 499 2546 716 2621; x_wconf 86' lang='lat' dir='ltr'>ingenii</span> <span class='ocrx_word' id='word_1_182' title='bbox 762 2547 928 2605; x_wconf 88' lang='lat' dir='ltr'>dotes</span> <span class='ocrx_word' id='word_1_183' title='bbox 985 2546 1186 2604; x_wconf 87' lang='lat' dir='ltr'>nullus</span> <span class='ocrx_word' id='word_1_184' title='bbox 1245 2564 1375 2604; x_wconf 90' lang='lat' dir='ltr'>meo</span> <span class='ocrx_word' id='word_1_185' title='bbox 1422 2546 1661 2622; x_wconf 84' lang='lat' dir='ltr'>quidem</span> <span class='ocrx_word' id='word_1_186' title='bbox 1704 2546 1917 2604; x_wconf 85' lang='lat' dir='ltr'>iudicio</span> <span class='ocrx_word' id='word_1_187' title='bbox 1975 2545 2336 2620; x_wconf 82' lang='lat' dir='ltr'>syllabarum</span> 
     </span>
     <span class='ocr_line' id='line_1_25' title="bbox 502 2634 2334 2711; baseline -0.001 -18"><span class='ocrx_word' id='word_1_188' title='bbox 502 2653 696 2693; x_wconf 89' lang='lat' dir='ltr'>moras</span> <span class='ocrx_word' id='word_1_189' title='bbox 741 2642 801 2697; x_wconf 88' lang='lat' dir='ltr'>et</span> <span class='ocrx_word' id='word_1_190' title='bbox 845 2642 1106 2711; x_wconf 83' lang='lat' dir='ltr'>tempora</span> <span class='ocrx_word' id='word_1_191' title='bbox 1161 2634 1372 2693; x_wconf 86' lang='lat' dir='ltr'>melius</span> <span class='ocrx_word' id='word_1_192' title='bbox 1430 2635 1753 2711; x_wconf 84' lang='lat' dir='ltr'>percalluit,</span> <span class='ocrx_word' id='word_1_193' title='bbox 1816 2635 1959 2693; x_wconf 89' lang='lat' dir='ltr'>adeo</span> <span class='ocrx_word' id='word_1_194' title='bbox 2014 2640 2081 2692; x_wconf 89' lang='lat' dir='ltr'>ut</span> <span class='ocrx_word' id='word_1_195' title='bbox 2135 2640 2195 2691; x_wconf 88' lang='lat' dir='ltr'>et</span> <span class='ocrx_word' id='word_1_196' title='bbox 2248 2634 2334 2692; x_wconf 91' lang='lat' dir='ltr'>illi</span> 
     </span>
     <span class='ocr_line' id='line_1_26' title="bbox 413 2722 2336 2799; baseline -0.001 -17"><span class='ocrx_word' id='word_1_197' title='bbox 413 2737 468 2777; x_wconf 69' lang='lat'>25</span> <span class='ocrx_word' id='word_1_198' title='bbox 504 2730 954 2799; x_wconf 87' lang='lat' dir='ltr'>cognomentum</span> <span class='ocrx_word' id='word_1_199' title='bbox 992 2724 1170 2799; x_wconf 81' lang='lat' dir='ltr'>vulgo</span> <span class='ocrx_word' id='word_1_200' title='bbox 1216 2724 1499 2799; x_wconf 87' lang='lat' dir='ltr'>magister</span> <span class='ocrx_word' id='word_1_201' title='bbox 1546 2723 1903 2797; x_wconf 87' lang='lat' dir='ltr'>syllabarum</span> <span class='ocrx_word' id='word_1_202' title='bbox 1951 2723 2027 2781; x_wconf 89' lang='lat' dir='ltr'>sit</span> <span class='ocrx_word' id='word_1_203' title='bbox 2070 2722 2336 2781; x_wconf 90' lang='lat' dir='ltr'>inditum.</span> 
     </span>
     <span class='ocr_line' id='line_1_27' title="bbox 503 2812 2336 2889; baseline -0.001 -18"><span class='ocrx_word' id='word_1_204' title='bbox 503 2813 581 2871; x_wconf 82' lang='lat' dir='ltr'>Et</span> <span class='ocrx_word' id='word_1_205' title='bbox 625 2814 799 2889; x_wconf 86' lang='lat' dir='ltr'>paulo</span> <span class='ocrx_word' id='word_1_206' title='bbox 845 2814 938 2872; x_wconf 88' lang='lat' dir='ltr'>his</span> <span class='ocrx_word' id='word_1_207' title='bbox 983 2819 1169 2871; x_wconf 87' lang='lat' dir='ltr'>aetate</span> <span class='ocrx_word' id='word_1_208' title='bbox 1210 2812 1447 2871; x_wconf 81' lang='lat' dir='ltr'>inferior</span> <span class='ocrx_word' id='word_1_209' title='bbox 1472 2813 1806 2871; x_wconf 81' lang='lat' dir='ltr'>Ludovicus</span> <span class='ocrx_word' id='word_1_210' title='bbox 1834 2812 2018 2887; x_wconf 83' lang='lat' dir='ltr'>Bigus</span> <span class='ocrx_word' id='word_1_211' title='bbox 2046 2812 2336 2870; x_wconf 87' lang='lat' dir='ltr'>Pictorius</span> 
     </span>
     <span class='ocr_line' id='line_1_28' title="bbox 410 2891 2337 2977; baseline 0 -18"><span class='ocrx_word' id='word_1_212' title='bbox 410 2891 416 2896; x_wconf 42' lang='lat'>⁸</span> <span class='ocrx_word' id='word_1_213' title='bbox 504 2902 914 2975; x_wconf 80' lang='lat' dir='ltr'>FerrariensiS,</span> <span class='ocrx_word' id='word_1_214' title='bbox 985 2902 1154 2960; x_wconf 88' lang='lat' dir='ltr'>cuius</span> <span class='ocrx_word' id='word_1_215' title='bbox 1217 2900 1471 2977; x_wconf 86' lang='lat' dir='ltr'>plurima</span> <span class='ocrx_word' id='word_1_216' title='bbox 1532 2908 1767 2960; x_wconf 82' lang='lat' dir='ltr'>exstant</span> <span class='ocrx_word' id='word_1_217' title='bbox 1830 2907 2121 2977; x_wconf 82' lang='lat' dir='ltr'>poemata,</span> <span class='ocrx_word' id='word_1_218' title='bbox 2186 2900 2337 2959; x_wconf 88' lang='lat' dir='ltr'>inter</span> 
     </span>
     <span class='ocr_line' id='line_1_29' title="bbox 506 2990 2337 3067; baseline 0.001 -22"><span class='ocrx_word' id='word_1_219' title='bbox 506 3009 655 3066; x_wconf 85' lang='lat' dir='ltr'>quae</span> <span class='ocrx_word' id='word_1_220' title='bbox 699 2991 974 3050; x_wconf 79' lang='lat' dir='ltr'>iuvenilia</span> <span class='ocrx_word' id='word_1_221' title='bbox 1019 2999 1080 3049; x_wconf 87' lang='lat' dir='ltr'>et</span> <span class='ocrx_word' id='word_1_222' title='bbox 1119 2991 1397 3049; x_wconf 87' lang='lat' dir='ltr'>amatoria</span> <span class='ocrx_word' id='word_1_223' title='bbox 1426 2990 1615 3066; x_wconf 87' lang='lat' dir='ltr'>magis</span> <span class='ocrx_word' id='word_1_224' title='bbox 1641 2991 1989 3067; x_wconf 86' lang='lat' dir='ltr'>probantur;</span> <span class='ocrx_word' id='word_1_225' title='bbox 2036 3008 2174 3048; x_wconf 87' lang='lat' dir='ltr'>nam</span> <span class='ocrx_word' id='word_1_226' title='bbox 2201 3008 2337 3048; x_wconf 90' lang='lat' dir='ltr'>cum</span> 
     </span>
     <span class='ocr_line' id='line_1_30' title="bbox 508 3078 2337 3155; baseline 0 -18"><span class='ocrx_word' id='word_1_227' title='bbox 508 3080 638 3155; x_wconf 90' lang='lat' dir='ltr'>pius</span> <span class='ocrx_word' id='word_1_228' title='bbox 684 3079 928 3139; x_wconf 82' lang='lat' dir='ltr'>deflexit</span> <span class='ocrx_word' id='word_1_229' title='bbox 971 3080 1046 3139; x_wconf 90' lang='lat' dir='ltr'>ad</span> <span class='ocrx_word' id='word_1_230' title='bbox 1093 3079 1449 3155; x_wconf 82' lang='lat' dir='ltr'>religionem,</span> <span class='ocrx_word' id='word_1_231' title='bbox 1488 3085 1555 3138; x_wconf 84' lang='lat' dir='ltr'>ut-</span> <span class='ocrx_word' id='word_1_232' title='bbox 1580 3080 1699 3137; x_wconf 83' lang='lat' dir='ltr'>vita</span> <span class='ocrx_word' id='word_1_233' title='bbox 1737 3079 1940 3138; x_wconf 86' lang='lat' dir='ltr'>melior</span> <span class='ocrx_word' id='word_1_234' title='bbox 1974 3080 2057 3138; x_wconf 86' lang='lat' dir='ltr'>ita</span> <span class='ocrx_word' id='word_1_235' title='bbox 2082 3078 2337 3137; x_wconf 86' lang='lat' dir='ltr'>carmine</span> 
     </span>
     <span class='ocr_line' id='line_1_31' title="bbox 418 3167 2337 3245; baseline 0.002 -23"><span class='ocrx_word' id='word_1_236' title='bbox 418 3183 472 3222; x_wconf 75' lang='lat'>30</span> <span class='ocrx_word' id='word_1_237' title='bbox 509 3169 758 3227; x_wconf 87' lang='lat' dir='ltr'>deterior</span> <span class='ocrx_word' id='word_1_238' title='bbox 803 3169 967 3228; x_wconf 80' lang='lat' dir='ltr'>visus</span> <span class='ocrx_word' id='word_1_239' title='bbox 1011 3176 1119 3227; x_wconf 88' lang='lat' dir='ltr'>est.</span> <span class='ocrx_word' id='word_1_240' title='bbox 1182 3168 1316 3227; x_wconf 87' lang='lat' dir='ltr'>Fuit</span> <span class='ocrx_word' id='word_1_241' title='bbox 1343 3174 1404 3227; x_wconf 89' lang='lat' dir='ltr'>et</span> <span class='ocrx_word' id='word_1_242' title='bbox 1433 3169 1543 3227; x_wconf 90' lang='lat' dir='ltr'>hoc</span> <span class='ocrx_word' id='word_1_243' title='bbox 1572 3175 1833 3245; x_wconf 90' lang='lat' dir='ltr'>tempore</span> <span class='ocrx_word' id='word_1_244' title='bbox 1864 3168 2090 3227; x_wconf 88' lang='lat' dir='ltr'>Codrus</span> <span class='ocrx_word' id='word_1_245' title='bbox 2113 3167 2337 3225; x_wconf 89' lang='lat' dir='ltr'>Vrceus</span> 
     </span>
     <span class='ocr_line' id='line_1_32' title="bbox 505 3256 2338 3334; baseline -0.001 -19"><span class='ocrx_word' id='word_1_246' title='bbox 505 3276 582 3315; x_wconf 89' lang='lat' dir='ltr'>ex</span> <span class='ocrx_word' id='word_1_247' title='bbox 626 3258 932 3332; x_wconf 70' lang='lat' dir='ltr'>Hei-beria,</span> <span class='ocrx_word' id='word_1_248' title='bbox 997 3258 1123 3333; x_wconf 88' lang='lat' dir='ltr'>agri</span> <span class='ocrx_word' id='word_1_249' title='bbox 1176 3257 1527 3316; x_wconf 87' lang='lat' dir='ltr'>Mutinensis</span> <span class='ocrx_word' id='word_1_250' title='bbox 1583 3257 1821 3334; x_wconf 88' lang='lat' dir='ltr'>oppido,</span> <span class='ocrx_word' id='word_1_251' title='bbox 1887 3264 2061 3333; x_wconf 85' lang='lat' dir='ltr'>poeta·</span> <span class='ocrx_word' id='word_1_252' title='bbox 2113 3256 2161 3315; x_wconf 90' lang='lat' dir='ltr'>si</span> <span class='ocrx_word' id='word_1_253' title='bbox 2222 3274 2338 3314; x_wconf 93' lang='lat' dir='ltr'>non</span> 
     </span>
     <span class='ocr_line' id='line_1_33' title="bbox 507 3345 2336 3422; baseline -0.001 -18"><span class='ocrx_word' id='word_1_254' title='bbox 507 3347 923 3422; x_wconf 88' lang='lat' dir='ltr'>grammaticus</span> <span class='ocrx_word' id='word_1_255' title='bbox 969 3346 1180 3422; x_wconf 79' lang='lat' dir='ltr'>potius,</span> <span class='ocrx_word' id='word_1_256' title='bbox 1239 3346 1425 3419; x_wconf 82' lang='lat' dir='ltr'>Quem</span> <span class='ocrx_word' id='word_1_257' title='bbox 1470 3347 1817 3405; x_wconf 87' lang='lat' dir='ltr'>adulescens</span> <span class='ocrx_word' id='word_1_258' title='bbox 1861 3346 2153 3404; x_wconf 90' lang='lat' dir='ltr'>Bononiae</span> <span class='ocrx_word' id='word_1_259' title='bbox 2198 3345 2336 3418; x_wconf 77' lang='lat' dir='ltr'>vidi,</span> 
     </span>
     <span class='ocr_line' id='line_1_34' title="bbox 506 3435 2338 3511; baseline -0.001 -18"><span class='ocrx_word' id='word_1_260' title='bbox 506 3436 603 3494; x_wconf 91' lang='lat' dir='ltr'>ubi</span> <span class='ocrx_word' id='word_1_261' title='bbox 651 3443 852 3510; x_wconf 88' lang='lat' dir='ltr'>gratus</span> <span class='ocrx_word' id='word_1_262' title='bbox 898 3435 1218 3494; x_wconf 78' lang='lat' dir='ltr'>Bentivolis</span> <span class='ocrx_word' id='word_1_263' title='bbox 1273 3436 1374 3493; x_wconf 89' lang='lat' dir='ltr'>diu</span> <span class='ocrx_word' id='word_1_264' title='bbox 1431 3436 1731 3511; x_wconf 82' lang='lat' dir='ltr'>professus</span> <span class='ocrx_word' id='word_1_265' title='bbox 1784 3441 1892 3503; x_wconf 80' lang='lat' dir='ltr'>est,</span> <span class='ocrx_word' id='word_1_266' title='bbox 1953 3453 2086 3493; x_wconf 91' lang='lat' dir='ltr'>cum</span> <span class='ocrx_word' id='word_1_267' title='bbox 2142 3441 2338 3493; x_wconf 87' lang='lat' dir='ltr'>tamen</span> 
     </span>
     <span class='ocr_line' id='line_1_35' title="bbox 505 3523 2339 3584; baseline 0 -3"><span class='ocrx_word' id='word_1_268' title='bbox 505 3524 604 3584; x_wconf 91' lang='lat' dir='ltr'>ille</span> <span class='ocrx_word' id='word_1_269' title='bbox 661 3532 832 3583; x_wconf 82' lang='lat' dir='ltr'>antea</span> <span class='ocrx_word' id='word_1_270' title='bbox 883 3524 1180 3583; x_wconf 82' lang='lat' dir='ltr'>Ferrariae</span> <span class='ocrx_word' id='word_1_271' title='bbox 1240 3526 1348 3583; x_wconf 91' lang='lat' dir='ltr'>sub</span> <span class='ocrx_word' id='word_1_272' title='bbox 1406 3523 1661 3583; x_wconf 84' lang='lat' dir='ltr'>Guarino</span> <span class='ocrx_word' id='word_1_273' title='bbox 1719 3523 1957 3583; x_wconf 84' lang='lat' dir='ltr'>Graecis</span> <span class='ocrx_word' id='word_1_274' title='bbox 2010 3530 2071 3581; x_wconf 88' lang='lat' dir='ltr'>et</span> <span class='ocrx_word' id='word_1_275' title='bbox 2114 3523 2339 3582; x_wconf 88' lang='lat' dir='ltr'>Latinis</span> 
     </span>
    </p>
   </div>
   <div class='ocr_carea' id='block_1_3' title="bbox 321 3612 2340 3690">
    <p class='ocr_par' dir='ltr' id='par_1_3' title="bbox 321 3612 2340 3690">
     <span class='ocr_line' id='line_1_36' title="bbox 321 3612 2340 3690; baseline -0 -19"><span class='ocrx_word' id='word_1_276' title='bbox 321 3662 328 3671; x_wconf 92' lang='lat'><strong><em>.</em></strong></span> <span class='ocrx_word' id='word_1_277' title='bbox 416 3627 470 3667; x_wconf 76' lang='lat'>35</span> <span class='ocrx_word' id='word_1_278' title='bbox 507 3614 718 3673; x_wconf 85' lang='lat' dir='ltr'>litteris</span> <span class='ocrx_word' id='word_1_279' title='bbox 763 3632 996 3690; x_wconf 88' lang='lat' dir='ltr'>operam</span> <span class='ocrx_word' id='word_1_280' title='bbox 1043 3613 1317 3673; x_wconf 85' lang='lat' dir='ltr'>dedisset.</span> <span class='ocrx_word' id='word_1_281' title='bbox 1408 3613 1662 3672; x_wconf 85' lang='lat' dir='ltr'>Exstant</span> <span class='ocrx_word' id='word_1_282' title='bbox 1708 3612 1883 3672; x_wconf 85' lang='lat' dir='ltr'>Codri</span> <span class='ocrx_word' id='word_1_283' title='bbox 1938 3613 2195 3671; x_wconf 85' lang='lat' dir='ltr'>carmina</span> <span class='ocrx_word' id='word_1_284' title='bbox 2237 3612 2340 3670; x_wconf 89' lang='lat' dir='ltr'>illa</span> 
     </span>
    </p>
   </div>
  </div>
 </body>
</html>
