2796 4185
1006 433 1333 489 ernamvs,
1375 434 1452 473 nn
1495 433 1708 475 Porus.
2238 416 2320 475 55

494 610 727 684 Latina,
790 610 1015 670 Latinis
1062 609 1287 670 Graeca
1346 617 1484 686 apte
1529 628 1910 687 componenS,
1975 611 2130 670 unde
2192 629 2324 712 per-

492 712 671 776 quam
738 699 911 760 multi
974 699 1038 757 in
1095 699 1427 776 praeclaros
1497 700 1799 776 utriusque
1871 699 2105 776 linguae
2167 700 2324 759 viros

491 805 743 848 evasere.
834 788 1083 865 Scripsit
1122 789 1544 864 epigrammata
1590 789 1790 862 multa,
1835 806 2084 865 quorum
2129 788 2325 889 aliqua

494 883 633 936 sunt
692 878 865 936 edita.
972 877 1221 953 Legitur
1280 883 1340 936 et
1404 877 1637 936 libellus
1729 895 1834 936 seu
1900 878 2201 936 encomion
2262 877 2323 935 in

430 966 795 1025 5Platonem
818 965 1039 1025 Graeco
1063 967 1231 1041 elego
1261 967 1520 1025 carmine
1546 967 1881 1025 doctissime
1898 966 2322 1026 concinnatum.

495 1057 551 1113 A
577 1055 771 1114 Leone
797 1055 875 1114 Χ.
920 1055 1195 1131 pontifice
1250 1055 1509 1116 maximo
1563 1060 1908 1132 procurante
1934 1055 2174 1114 Alberto
2200 1055 2326 1129 Pio,

498 1144 821 1220 Carporum
845 1144 1133 1220 principe,
1170 1149 1231 1203 et
1259 1143 1552 1203 Laschare
1581 1145 1828 1203 Romam
1873 1144 2094 1203 accitus
2138 1143 2325 1202 archi-¹

498 1233 809 1309 episcopus
853 1231 1208 1309 Epidaurius
1253 1240 1482 1292 creatus
1527 1241 1634 1292 est.
1707 1233 1950 1292 Infirma
1993 1233 2324 1292 valetudine

496 1329 799 1399 correptus
862 1322 1200 1398 propediem
1263 1323 1442 1382 finem
1503 1323 1658 1381 vitae
1721 1321 2004 1398 suscepit,
2068 1328 2130 1381 et
2190 1322 2327 1381 licet

406 1424 457 1463 10
492 1411 719 1486 indigni
780 1411 1019 1488 quidam
1075 1413 1235 1470 tanto
1294 1411 1520 1486 collega
1571 1429 1712 1470 eum
1764 1411 2087 1470 decessisse
2129 1411 2326 1487 prodi-

408 1510 500 1564 164]
560 1499 769 1573 derint,
816 1500 971 1576 quod
1016 1500 1126 1558 ini-
1166 1498 1175 1579 Ι
1216 1500 1410 1576 quius·
1433 1499 1642 1558 tulisse
1676 1499 1974 1559 videretur
2001 1500 2326 1559 cardinales

493 1588 710 1647 multos
739 1595 875 1647 ante
905 1607 969 1648 se
999 1594 1240 1662 creatoS,
1270 1588 1353 1646 nil
1370 1589 1652 1648 habentes
1679 1588 1857 1661 aliud,
1887 1605 2003 1666 quo
2029 1589 2326 1647 hominem

496 1677 899 1736 doctissimum
956 1696 1025 1737 ao
1084 1676 1580 1737 modestissimum
1625 1676 2130 1736 calumniarentur.
2207 1675 2324 1737 Sed

494 1766 743 1826 infames
784 1767 875 1824 illi
918 1771 1081 1840 sunt,
1128 1767 1229 1843 qui
1272 1767 1346 1826 de
1390 1783 1460 1825 eo
1503 1766 1619 1825 ista
1661 1766 2039 1839 distulerunt,
2095 1766 2325 1842 quando

405 1868 456 1908 15
492 1855 607 1928 ille,
662 1856 1013 1931 ubicumque
1059 1862 1325 1914 versatus
1376 1862 1496 1928 est,
1541 1856 1688 1914 bene
1731 1855 1807 1913 de
1853 1871 1916 1913 se
1961 1855 2210 1913 audierit
2251 1856 2324 1914 ab

496 1944 781 2017 omnibuS,
827 1950 1028 2020 totque
1069 1944 1171 2003 ille
1200 1950 1335 2021 post
1364 1961 1430 2003 se
1455 1943 1693 2021 reliquit
1719 1944 2038 2020 discipulos
2066 1943 2328 2019 insignes

491 2033 557 2092 in
586 2033 744 2092 omni
772 2033 1101 2094 litterarum
1128 2040 1191 2092 et
1216 2045 1444 2092 morum
1467 2033 1792 2111 disciplina,
1837 2034 1938 2111 qui
1967 2049 2068 2092 eos
2095 2033 2326 2091 mentiri

492 2124 669 2181 verbo
734 2129 795 2181 et
855 2124 1127 2199 exemplo
1189 2129 1460 2199 arguunt.
1569 2123 1704 2181 Fuit
1764 2129 1826 2181 et
1883 2123 2036 2182 inter
2097 2130 2327 2181 nostros

494 2210 745 2271 Graecos
776 2212 1031 2287 poetices
1060 2231 1177 2271 non
1205 2213 1447 2288 ignarus
1476 2211 1710 2271 habitus
1733 2213 2034 2286 ArseniuS,
2065 2211 2327 2270 Monem-

402 2313 457 2355 20
497 2300 688 2359 basiae
742 2302 1079 2378 episcopus,
1145 2302 1246 2378 qui
1300 2307 1360 2361 et
1379 2300 1650 2360 'Venetiis
1694 2307 1754 2360 et
1797 2302 2016 2360 Romae
2061 2306 2328 2360 versatus

494 2390 606 2448 sub
632 2388 828 2449 Leone
853 2390 929 2449 X.
978 2391 1251 2467 pontifice
1274 2390 1550 2464 maximo,
1597 2391 1692 2449 cui
1721 2397 1782 2449 et
1801 2389 2088 2449 Graecum
2120 2389 2330 2449 obtulit

497 2478 761 2537 libellum
790 2496 827 2537 a
857 2497 921 2537 se
964 2479 1373 2539 concinnatum
1419 2496 1496 2538 ex
1539 2478 1787 2538 diversis
1831 2478 2164 2537 auctoribus
2199 2484 2329 2537 tum

497 2579 672 2643 prosa
714 2573 845 2626 tum
907 2568 1175 2627 carmine.
1266 2568 1402 2627 Fuit
1459 2574 1518 2627 et
1577 2566 1866 2643 Georgius
1923 2568 2208 2641 BalsamO,
2269 2573 2330 2626 et

496 2657 624 2731 ipse
670 2654 955 2731 GraeeuS,
1004 2657 1109 2733 qui
1162 2657 1383 2717 diutius
1430 2658 1582 2716 inter
1625 2656 1940 2716 familiares
1983 2654 2328 2733 amplissimi

403 2757 459 2799 25
499 2745 809 2804 cardinalis
872 2745 1113 2805 Salviati
1175 2764 1365 2823 usque
1427 2746 1503 2804 ad
1565 2745 1866 2805 interitum
1919 2745 2096 2817 vixit,
2160 2746 2328 2805 cuius

494 2838 555 2893 et
598 2834 857 2893 carmina
886 2841 961 2894 ·et
1006 2835 1196 2893 soluta
1254 2835 1512 2894 oratione
1565 2834 1850 2912 quaedam
1904 2834 2021 2910 legi
2065 2840 2326 2910 possunt.

495 2922 661 2981 Vivit
723 2924 915 2982 adhuc
978 2924 1269 2983 Antonius
1331 2924 1640 3000 Eparchus
1703 2923 2106 2999 CorcyrensiS,
2177 2923 2330 2983 inter

494 3011 771 3071 Graeciae
814 3012 1077 3071 emditos
1118 3020 1589 3086 connumeratuS,
1636 3014 1736 3089 qui
1766 3012 2032 3072 Venetiis
2077 3010 2330 3071 Graecas

497 3100 723 3159 litteras
739 3101 1099 3177 aliquamdiu
1116 3102 1420 3177 professus
1434 3102 1670 3161 demum
1689 3102 2003 3176 Corcyram
2022 3118 2330 3176 regressus

401 3203 458 3242 30
494 3189 569 3248 ad
616 3207 758 3248 suos
776 3190 861 3247 in
891 3190 1101 3249 litteris
1137 3191 1514 3265 consenescit,
1563 3191 1665 3249 tibi
1691 3191 1932 3263 amicus,
1966 3188 2329 3265 Antimache,

496 3285 564 3337 ut
606 3296 702 3336 ex‘
729 3296 799 3337 eo
843 3279 987 3337 mihi
1034 3298 1209 3356 saepe
1256 3280 1650 3355 significatum
1693 3287 1802 3339 est.
1884 3280 1994 3337 Est
2037 3285 2098 3337 et
2139 3279 2328 3352 hodie,

494 3368 599 3443 qui
672 3368 784 3425 fuit
858 3368 1181 3444 discipulus
1264 3369 1602 3442 LaschariS,
1676 3368 2008 3427 Matthaeus
2079 3368 2329 3427 Avarius

496 3455 889 3531 Corcyrensis,
937 3458 1031 3515 vir
1051 3459 1221 3516 bene
1263 3457 1556 3517 litteratus
1601 3464 1662 3516 et
1699 3458 1982 3531 erudituS,
2027 3456 2195 3515 cuius
2244 3457 2328 3515 rei

499 3546 685 3621 gratia
753 3545 1153 3622 amplissimus
1210 3546 1522 3605 cardinalis
1581 3547 1930 3622 Rudolphus
1983 3564 2122 3604 eum
2179 3546 2332 3605 inter

402 3646 458 3687 35
496 3634 830 3694 carissimos
892 3635 1205 3694 familiares
1264 3636 1424 3694 domi
1477 3637 1653 3694 habet
1710 3642 1770 3694 et
1826 3652 1989 3693 cum-
2021 3652 2091 3693 eo
2153 3634 2332 3693 simul
