2796 4185
480 427 515 484 7
526 427 562 485 6
1084 443 1411 498 emnnvs,
1457 443 1532 482 m:
1577 441 1790 482 Pomm.

774 621 955 680 Cuius
1000 639 1112 680 non
1160 621 1308 680 nihil
1350 621 1662 680 aestimare
1707 637 1895 696 nugas

774 711 971 784 Visne,
1018 726 1155 768 cum
1200 711 1339 769 dare
1383 709 1618 786 publice
1663 709 1944 785 legendas

772 799 951 872 Dixti,
1000 799 1051 858 si
1098 799 1243 857 mihi
1287 817 1429 858 vera
1474 799 1832 856 nuntiantur.

772 888 943 949 Salve
988 888 1347 964 praesidium
1392 893 1454 946 et
1497 888 1678 946 decus
1725 888 2020 958 bonorum,

500 990 530 1031 5
782 977 955 1036 Salve
982 983 1060 1036 -et
1103 977 1280 1036 Pierii
1324 977 1490 1036 chori
1534 981 1790 1052 patrone,

403 1057 408 1060 Α
773 1065 856 1124 Te
902 1067 987 1124 sic
1029 1066 1381 1125 incolumem
1427 1065 1507 1124 dii
1551 1071 1887 1142 perennent,

773 1154 1025 1214 Cumeae
1070 1161 1155 1217 ut>
1182 1173 1428 1231 superes
1474 1155 1602 1214 dies
1647 1153 1908 1228 Sybillae

771 1247 1005 1321 Aeques
1050 1249 1111 1304 et
1154 1245 1356 1318 Pyliae
1401 1244 1528 1302 dies
1575 1249 1842 1302 senectae
1855 1243 1888 1300 !’

558 1333 719 1406 Quae
738 1351 875 1392 cum
894 1333 1215 1411 dixissem,]
1237 1351 1564 1392 sermonem
1594 1338 1832 1391 secutus
1844 1330 2080 1390 Riccius
2109 1330 2184 1390 de
2207 1331 2397 1408 poetis

474 1435 528 1476 10
566 1422 882 1495 ‘Achilles’,
928 1423 1135 1498 inquit‘
1166 1421 1502 1495 ‘Bocchius,
1549 1439 1730 1498 eques
1759 1421 2158 1493 Bononiensis,
2195 1420 2256 1478 in
2283 1421 2397 1479 hoc

562 1529 775 1586 genere
793 1511 983 1570 laudis
1010 1517 1071 1570 et
1088 1517 1415 1570 ceterarum
1434 1511 1787 1587 optimarum
1813 1510 2026 1568 artium
2043 1528 2160 1568 non
2178 1509 2396 1568 medio-

563 1619 726 1658 crem
761 1601 1042 1659 honorem
1070 1600 1176 1658 sibi
1206 1600 1580 1676 comparavit,
1628 1600 1731 1676 qui
1773 1599 1836 1656 in
1882 1599 2041 1656 omni
2075 1599 2187 1656 hac
2213 1617 2396 1674 paene

558 1689 833 1748 facultate
851 1689 1146 1765 praeclara
1164 1688 1513 1748 documenta
1531 1689 1694 1747 dedit
1722 1688 2120 1764 superioribus
2141 1688 2309 1746 annis
2337 1693 2397 1746 et

560 1795 716 1836 nunc
734 1778 967 1854 publice
993 1779 1054 1836 in
1073 1779 1259 1854 patria
1276 1779 1520 1838 honeste
1539 1778 1864 1854 profitendo
1891 1783 1952 1836 et
1975 1777 2104 1834 eius
2122 1776 2396 1835 historias

466 1879 520 1920 15
558 1867 972 1926 conscribendo
1038 1868 1333 1944 simulque
1396 1867 1736 1942 magnificas
1811 1866 1986 1930 aedes
2049 1871 2395 1924 construens

560 1957 669 2015 sibi
715 1962 775 2014 et
819 1957 1008 2015 Musis
1063 1957 1329 2030 symbola
1384 1956 1618 2014 conficit
1671 1973 1748 2014 ex
1792 1955 1970 2014 variis
2016 1973 2152 2012 cum
2205 1955 2395 2030 philo-

560 2045 801 2122 sophiae
847 2045 1150 2106 sententiis
1194 2052 1324 2105 tum
1369 2045 1629 2105 historiis
1673 2051 1734 2104 et
1777 2043 2007 2118 fabulis,
2055 2061 2204 2121 quae
2236 2044 2396 2103 vario

558 2135 880 2193 carminum
940 2154 1153 2211 genere
1217 2136 1459 2211 exponit
1515 2141 1576 2193 et
1631 2134 2063 2210 elegantissime
2110 2133 2396 2209 graphide

558 2224 851 2299 compingi
894 2224 1036 2283 facit
1073 2224 1450 2283 subtilissime
1495 2224 1557 2281 iu
1603 2242 1736 2283 aere
1781 2223 1944 2295 ade0,
1991 2228 2058 2281 ut
2101 2222 2197 2281 his
2235 2240 2396 2297 sym-

465 2324 522 2366 20
560 2312 709 2370 bolis
754 2312 855 2370 illa
917 2313 1027 2371 tria
1090 2312 1373 2386 conficiat,
1435 2330 1584 2389 quae
1629 2314 1816 2371 bonus
1875 2318 2046 2388 poeta
2100 2317 2162 2370 et
2205 2317 2396 2370 orator

472 2412 558 2465 187]
619 2402 851 2460 efficere
905 2402 1092 2475 debet,
1139 2403 1251 2460 hoc
1296 2407 1404 2481 est,
1449 2409 1518 2460 ut
1570 2402 1770 2477 prosit,
1817 2406 1884 2459 ut
1927 2401 2027 2459 de·
2069 2397 2075 2480 Ι
2117 2401 2292 2459 lectet
2335 2406 2395 2459 et

556 2491 617 2548 in
645 2496 953 2567 utramque
985 2496 1211 2567 partem
1237 2497 1485 2549 moveat.
1544 2490 1794 2549 Ioannes
1821 2490 2034 2548 Petrus
2060 2490 2392 2563 PherettuS,

556 2580 866 2637 Ravennas
910 2580 1156 2653 iuvenis,
1204 2586 1375 2656 poeta
1419 2580 1531 2638 fuit
1574 2578 1826 2639 alicuius
1869 2580 2148 2655 nominis;
2209 2578 2396 2637 multa

557 2668 713 2727 enim
768 2669 1022 2727 carmine
1076 2670 1418 2745 perscripsit
1471 2674 1531 2727 et
1575 2669 1721 2727 varii
1767 2668 2006 2745 quidem
2051 2667 2281 2743 generis
2335 2674 2395 2727 et

464 2768 521 2810 25
560 2758 749 2816 soluta
794 2758 1063 2816 oratione.
1155 2758 1391 2817 Patrem
1437 2758 1639 2816 habuit
1681 2758 1988 2817 Nicolaum
2033 2757 2392 2830 Pherettum,

558 2847 1005 2922 grammaticum
1048 2865 1161 2905 non
1207 2846 1554 2923 ignobilem3
1613 2865 1794 2905 senex
1839 2847 2149 2923 episcopus
2201 2848 2394 2905 factus

557 2936 842 3010 Mylensis
868 2954 1039 2994 verso
1070 2936 1223 3010 stylo
1250 2937 1313 2994 in
1342 2936 1554 2995 studiis
1583 2936 1996 2995 ecclesiasticis
2015 2934 2392 2994 consenescit.

558 3024 805 3099 Scripsit
849 3030 910 3083 et
954 3025 1101 3084 bene
1144 3042 1357 3100 magna
1401 3024 1700 3083 volumina
1753 3024 2085 3101 Stephanus
2130 3024 2391 3097 DoletuS,

557 3114 731 3171 homo
761 3112 984 3187 Gallus,
1028 3132 1176 3190 quae
1213 3114 1358 3171 mihi
1395 3104 1628 3173 volvere
1663 3132 1966 3190 nunquam
1995 3113 2108 3172 fuit
2133 3114 2391 3189 animus3

464 3215 520 3255 30
556 3202 884 3261 trivialibus
926 3203 1098 3261 enim
1154 3203 1257 3261 illa
1312 3209 1375 3261 et
1419 3203 1766 3263 scholarum
1811 3202 2123 3278 magistris
2179 3202 2394 3278 scripta

558 3297 696 3350 sunt
740 3291 813 3348 ad
858 3290 1149 3349 trivialem
1192 3292 1540 3367 elegantiam
1576 3292 2042 3367 comparandam.
2092 3291 2316 3350 Verum
2334 3296 2394 3349 et

555 3380 681 3438 eius
740 3380 997 3438 carmina
1054 3382 1339 3455 feruntur,
1403 3381 1544 3439 satis
1602 3380 1703 3439 illa
1757 3380 1994 3457 quidem
2058 3380 2394 3454 tolerabilia,

556 3469 661 3527 sed
706 3463 1079 3543 adrogantiae
1125 3469 1324 3545 plena3
1391 3488 1569 3546 quam
1621 3488 1760 3529 cum
1817 3475 1876 3527 et
1932 3470 1993 3527 in
2053 3470 2278 3529 caelum
2335 3475 2395 3528 et

556 3558 829 3633 pietatem
874 3558 1201 3631 extulisset,
1245 3558 1417 3616 illum
1462 3559 1668 3617 merito
1710 3558 2025 3634 impietatis
2071 3558 2324 3634 procella
2359 3576 2393 3617 e

464 3658 519 3698 35
557 3646 747 3704 medio
786 3646 1039 3705 sustulit.
1129 3646 1261 3705 Fuit
1306 3652 1366 3705 et
1401 3647 1806 3706 Bonaventura
1843 3647 2206 3723 Pistophilus
2242 3648 2396 3707 inter
