2796 4185
475 387 556 444 28
1075 401 1398 456 GYRALDvs,
1446 401 1519 440 m:
1564 401 1787 440 Pol-ms.-

562 580 798 657 quidem
857 580 999 639 citra
1064 579 1279 652 labem,
1343 579 1473 651 sed,
1530 584 1597 636 ut
1654 577 1800 636 mihi
1855 577 2091 652 quidem
2146 576 2391 647 videtur,

561 671 782 744 absque
842 668 1086 727 Venere.
1204 668 1427 726 Eodem
1503 672 1765 742 tempore
1846 666 2107 724 Mutinae
2184 664 2394 722 claruit

567 758 1040 816 Bartholomaeus
1077 757 1421 832 PrignanuS,
1469 756 1637 815 cuius
1683 755 1961 832 pleraque
2006 755 2171 830 elego
2218 771 2393 811 versu

560 847 860 922 leguntur3
909 865 1057 922 quae
1102 845 1347 904 istorum
1394 845 1677 918 versibus,
1706 862 1855 921 quos
1883 844 2055 902 modo
2084 841 2391 915 nominavi,

499 949 525 990 5
566 936 804 994 minime
888 936 1159 994 inferiora
1203 953 1335 993 esse
1381 935 1670 992 videntur.
1760 933 2022 1009 Reliquit
2066 932 2393 1007 Prignanus

563 1024 882 1100 discipulos
975 1024 1324 1098 Dionysium
1412 1023 1793 1081 Tribrachum
1888 1029 1949 1080 et
2023 1022 2393 1080 Franciscum

563 1114 997 1186 Roccociolum,
1056 1131 1203 1189 quos
1261 1130 1366 1170 vos
1414 1112 1586 1187 plane
1632 1110 1997 1186 cognoscitis,
2090 1111 2205 1168 Per
2251 1111 2393 1167 haec

562 1221 793 1278 quoque
864 1209 1128 1278 tempora
1201 1201 1447 1260 Iacobus
1519 1201 1719 1258 Bonus
1801 1200 2065 1276 Delmata
2161 1205 2391 1275 raptum

570 1291 839 1364 Cerberi,
915 1290 1207 1349 Domitius
1271 1289 1569 1348 Palladius
1643 1289 1899 1348 Soranus
1974 1289 2395 1364 epigrammata

476 1393 528 1432 ιι)
565 1380 840 1453 cecinere,
903 1379 1276 1454 Cantalyciu's
1337 1378 1605 1437 Consalvi
1668 1378 1817 1436 bella
1872 1385 1930 1436 et
1975 1378 2395 1453 epigrammata

563 1476 621 1527 et
666 1470 943 1545 pleraque
989 1468 1116 1527 alia.
1208 1467 1448 1527 Memini
1502 1487 1597 1526 me
1643 1485 1823 1544 puero
1870 1467 2066 1542 legere
2112 1466 2393 1542 epistulas

566 1558 850 1634 quasdam
895 1557 1207 1616 amatorias
1253 1557 1542 1616 Francisci
1588 1556 1959 1616 Iambeccarii
1986 1561 2205 1631 poetae,
2245 1573 2394 1631 quae

563 1646 674 1705 etsi
719 1646 1068 1722 quibusdam
1123 1647 1354 1722 placere
1398 1647 1761 1717 videbantur,
1809 1645 1953 1703 mihi
1999 1662 2391 1720 nequaquam:

477 1748 561 1800 [34]
637 1735 893 1794 carmina
936 1741 1132 1794 tamen
1179 1753 1387 1794 sonora
1434 1741 1571 1793 simt
1598 1741 1658 1794 et
1686 1753 1834 1811 quae
1880 1751 2050 1792 aures
2080 1752 2193 1792 non
2219 1729 2225 1816 Ι
2250 1733 2394 1791 nihil

477 1838 527 1877 15
565 1825 947 1883 demulceant.
1039 1825 1272 1901 Aliique
1319 1843 1394 1882 ex
1442 1825 1648 1882 ultima
1694 1824 1881 1882 classe
1919 1823 2199 1899 plerique,
2247 1840 2394 1898 quos

565 1915 676 1972 hoc
722 1914 847 1971 loco
893 1914 1186 1987 conligere
1232 1932 1346 1971 non
1392 1919 1484 1972 est
1529 1931 1737 1989 operae
1782 1913 2051 1988 pretium.
2142 1911 2269 1970 Nec
2321 1911 2393 1969 ab

564 2003 656 2061 his
719 2003 924 2079 procul
988 2003 1346 2079 temporibus
1406 2003 1639 2061 Marcus
1705 2002 1993 2060 Antonius
2054 2001 2392 2071 SabellicuS,

565 2092 665 2168 qui
722 2110 785 2151 se
854 2110 959 2150 suo
1023 2092 1210 2168 elogio
1269 2092 1539 2168 sepulcro
1584 2091 1781 2151 addito
1829 2091 2079 2151 Coccion
2124 2089 2393 2167 appellat,

566 2199 771 2239 versus
835 2200 972 2239 cum
1035 2181 1230 2257 elegos
1295 2190 1423 2240 tum
1482 2181 1743 2239 heroicos
1806 2181 2013 2254 edidit,
2075 2198 2222 2256 quos
2284 2198 2393 2254 ego

474 2282 528 2323 20
563 2271 756 2329 adhuc
827 2289 974 2345 puer
1044 2271 1289 2329 libenter
1361 2271 1559 2345 legere
1633 2270 1905 2329 solebam.
2015 2270 2225 2327 Facilis
2300 2269 2394 2326 hic

564 2360 780 2435 ubique
825 2365 884 2417 et
919 2378 1166 2417 canorus
1212 2378 1320 2417 nec
1347 2359 1718 2431 iniucundus,
1768 2359 1871 2417 sed
1918 2359 2114 2416 minus
2161 2358 2393 2416 omnino
2450 2414 2453 2417 ,

565 2448 910 2524 castigatus3
972 2466 1146 2524 prosa
1190 2454 1385 2507 tamen
1440 2448 1545 2507 ubi
1598 2448 1861 2521 intendit,
1908 2448 2045 2523 plus
2090 2447 2393 2524 praestitit.

563 2537 695 2595 Fuit
757 2556 834 2595 ex
879 2539 1020 2595 urbe
1065 2537 1311 2596 Etrusca
1366 2538 1699 2596 Hadrianus
1745 2537 2054 2596 cardinalis
2101 2536 2158 2597 S.
2208 2536 2393 2610 Chry-

566 2626 782 2701 sogoni.
858 2625 972 2699 Qui
1034 2645 1171 2685 cum
1233 2632 1390 2685 esset
1450 2646 1485 2685 a
1531 2622 1768 2685 secretis
1813 2626 2133 2684 Alexandri
2182 2626 2395 2684 summi

474 2728 526 2768 25
565 2716 872 2791 pontificis,
917 2717 990 2774 ab
1037 2734 1104 2774 eo
1150 2722 1242 2774 est
1284 2716 1346 2773 in
1373 2716 1804 2791 amplissimum
1833 2716 2095 2773 ordinem
2141 2715 2393 2789 accitus;

564 2810 785 2863 mutata
829 2806 1062 2863 fortuna
1106 2806 1170 2863 in
1215 2806 1405 2863 varias
1460 2823 1768 2863 aerumnas
1829 2805 2055 2877 incidit,
2113 2804 2394 2879 dignitate

563 2894 738 2951 etiam
792 2894 1056 2969 privatus
1111 2914 1144 2952 a
1199 2894 1392 2953 Leone
1450 2895 1522 2952 X.
1615 2895 1729 2953 Hic
1787 2894 1848 2953 in
1902 2894 2114 2952 litteris
2170 2893 2394 2952 Latinis

564 2982 873 3059 praecipue
947 2983 1387 3041 humanioribus
1462 2984 1607 3042 bene
1680 2984 1948 3041 eruditus
2020 2983 2160 3058 fuit3
2244 2982 2396 3040 inter

563 3078 755 3129 cetera
782 3072 1146 3130 venationem
1177 3071 1251 3129 ad
1266 3072 1940 3148 AscaniumSphortiam
1968 3071 2393 3148 amplissimum

473 3172 527 3213 30
567 3160 918 3218 cardinalem
981 3162 1236 3219 carmine
1314 3161 1612 3237 phalaecio
1673 3161 1965 3220 concinuit
2020 3168 2195 3238 atque
2254 3162 2394 3219 item

563 3248 923 3307 itinerarium
961 3250 1098 3307 Iulii
1136 3250 1214 3308 II.
1271 3250 1563 3325 pontificis
1610 3251 1867 3323 maximi,
1913 3269 2047 3309 cum
2076 3251 2395 3309 Bononiam

567 3337 863 3396 contendit
939 3338 1146 3413 'pulsis
1234 3338 1370 3397 inde
1458 3340 1793 3397 Bentivolis
1939 3339 2152 3399 Exstat
2237 3340 2395 3397 illius

561 3434 860 3503 praeterea
916 3426 1062 3485 liber
1120 3428 1543 3503 elegantiarum
1604 3428 1775 3487 valde
1835 3429 2013 3486 utilis,
2139 3429 2396 3504 Reliquit

563 3522 622 3575 et
677 3516 824 3574 varii
885 3517 1116 3590 generis
1181 3535 1386 3576 versus
1434 3519 1647 3576 Petrus
1708 3517 1965 3577 Crinitus
2012 3520 2057 3577 F
2058 3517 2393 3589 lorentinuS,

471 3618 524 3658 33
562 3623 677 3663 non
722 3605 1011 3681 inlepidos
1058 3606 1325 3682 quidem,
1375 3608 1481 3665 sed
1542 3612 1699 3665 certe
1758 3608 1935 3679 taleS,
2001 3608 2193 3684 qualia
2240 3612 2393 3680 sunt,
