2796 4185
423 1417 478 1457 10

427 3640 487 3682 35

1027 423 1350 479 emmvs,
1393 425 1470 464 m:
1512 425 1727 466 ron-ns.
2258 409 2339 466 19

503 607 702 660 tamen
764 601 1004 678 quidam
1065 601 1422 660 excellentes
1484 603 1595 660 viri
1659 601 1979 678 elegantiae
2040 608 2339 679 parentem

505 690 962 766 appellaverunt.
1053 690 1168 748 Hic
1223 691 1338 750 etsi
1397 691 1633 750 Siculus
1694 709 1773 750 ex
1834 691 2087 750 Bononia
2146 698 2340 751 tamen

507 779 793 854 originem
846 779 1091 838 duxisse
1135 797 1213 838 ex
1257 780 1439 839 nobili
1490 780 1713 838 familia
1757 779 2150 856 praedicatur:
2209 799 2343 840 acer

507 868 810 926 Laurentii
835 868 1040 926 Vallae
1097 869 1370 927 inimicus
1423 870 1562 943 fuit,
1620 876 1681 928 et
1733 872 1935 928 contra
1990 869 2342 929 Laurentius

507 957 684 1016 illius,
773 956 970 1016 Senex
1023 957 1182 1016 diem
1240 958 1382 1017 obiit
1435 959 1663 1035 hocque
1706 958 1818 1016 sibi
1862 958 2117 1017 moriens
2161 959 2342 1035 epita-

507 1047 716 1123 phium
758 1046 1130 1122 adrogantiae
1173 1047 1417 1123 plenum
1461 1047 1793 1106 condidisse
1836 1047 1983 1123 legi:

599 1134 886 1208 Quaerite,
931 1135 1208 1208 Pierides,
1253 1136 1454 1209 alium,
1501 1137 1605 1212 qui
1648 1136 1839 1212 ploret
1882 1154 2127 1197 amores,

687 1223 975 1297 Quaerite,
1024 1225 1126 1301 qui
1169 1243 1373 1300 regum
1422 1226 1594 1284 fortia
1637 1226 1789 1284 facta
1835 1231 2022 1284 canat.

598 1314 697 1372 Me
731 1319 900 1388 pater
922 1314 1026 1372 ille
1051 1314 1260 1389 ingens
1286 1315 1593 1372 hominum
1618 1320 1776 1373 sator
1810 1321 1987 1391 atque
2013 1314 2345 1390 redemptor

691 1402 913 1460 Evocat
953 1409 1016 1461 et
1061 1403 1231 1461 sedes
1279 1403 1456 1462 donat
1498 1404 1661 1462 adire
1704 1405 1848 1480 piae.

511 1493 760 1550 Ioannes
809 1491 1056 1567 Ani-ispa
1111 1491 1348 1551 Siculus
1406 1498 1602 1550 orator
1660 1493 1725 1551 in
1786 1493 1980 1569 aliquo
2042 1499 2345 1568 poetarum

515 1581 716 1638 ordine
772 1580 973 1656 reponi
1034 1586 1243 1656 potest,
1303 1582 1524 1658 quippe
1578 1581 1683 1657 qui
1742 1581 1963 1640 Graece
2020 1587 2080 1639 et
2137 1581 2345 1640 Latine

513 1671 692 1744 probe
749 1669 957 1728 doctus
1001 1675 1191 1744 esset3
1252 1671 1510 1729 carmina
1562 1677 1759 1729 tamen
1813 1670 1956 1742 eine,
2016 1687 2165 1746 quae
2218 1670 2346 1746 ipse

513 1759 650 1834 legi,
693 1759 890 1817 nescio
935 1759 1078 1834 quid
1107 1758 1438 1818 Sicularum
1469 1777 1774 1834 gerrarum
1818 1760 2031 1817 habere
2057 1758 2343 1817 videntur.

455 1861 482 1900 3
517 1847 652 1906 Fuit
694 1847 852 1905 enim
895 1866 966 1905 eo
1009 1854 1288 1924 tempore,
1335 1867 1451 1924 quo
1478 1848 1738 1907 nondum
1762 1848 2092 1924 exquisitae
2117 1847 2345 1906 litterae

515 1937 578 1994 in
613 1937 806 1994 lucem
833 1937 1142 1995 redierant.
1207 1936 1376 1995 Vixit
1405 1943 1601 1996 autem
1627 1937 1925 1996 Ferrariae
1950 1937 2027 1995 ad
2054 1954 2345 1994 summam

517 2031 876 2084 senectutem
919 2025 980 2082 in
1025 2025 1212 2102 pretio
1257 2027 1492 2085 habitus
1530 2046 1565 2084 a
1591 2027 1809 2085 nostris
1836 2025 2214 2103 principibus,
2243 2026 2346 2102 qui

515 2124 576 2174 et
619 2134 758 2173 eum
800 2115 1150 2191 locupletem
1197 2116 1593 2191 reddiderunt,
1651 2118 1743 2175 Ab
1788 2117 1900 2175 hoc
1934 2116 2131 2175 ferunt
2160 2115 2346 2174 Cista-

517 2204 722 2262 rellam
767 2204 1047 2262 familiam
1093 2205 1378 2279 originem
1424 2204 1686 2263 duxisse.
1776 2205 1911 2263 Fuit
1951 2210 2011 2263 et
2054 2204 2347 2263 Antonius

521 2305 614 2359 [24]
649 2294 893 2368 Campa·
944 2288 950 2375 Ι
1003 2311 1116 2352 nus
1143 2294 1262 2353 illis
1291 2294 1439 2370 ipsis
1468 2294 1829 2369 temporibus
1848 2294 1938 2351 vir
1964 2293 2147 2351 multa
2174 2293 2348 2351 laude

517 2383 751 2458 dignuS,
797 2382 1036 2456 ignobili
1090 2382 1226 2442 licet
1280 2401 1495 2458 genere
1540 2388 1909 2459 procreatus3
1956 2400 2147 2459 neque
2191 2382 2345 2440 enim

518 2473 580 2529 in
627 2471 816 2529 soluta
861 2471 1115 2529 oratione
1161 2489 1401 2529 suorum
1454 2479 1787 2548 temporum
1834 2472 2107 2547 cuiquam
2153 2471 2347 2531 cessit.

516 2570 586 2619 ut
641 2579 719 2619 ex
781 2576 1022 2617 suorum
1075 2560 1439 2618 voluminum
1502 2561 1751 2619 lectione
1804 2561 1898 2619 vel
1958 2560 2075 2618 iam
2139 2578 2349 2635 cogno·

519 2650 688 2708 vistis
725 2648 819 2707 vel
847 2648 1043 2707 statim
1071 2666 1421 2723 cognoscere
1456 2650 1730 2725 potestis:
1776 2649 1963 2707 multa
1988 2648 2087 2706 ina
2112 2649 2348 2725 quidem

517 2744 766 2797 exstant.
811 2737 938 2795 Nec
963 2756 1100 2796 vero
1145 2738 1403 2797 carmine
1448 2738 1643 2797 minus
1688 2738 2006 2814 praestitit:
2056 2738 2160 2795 sed
2205 2738 2348 2795 haec

519 2828 756 2885 notiora.
816 2826 959 2885 Post
984 2827 1092 2885 hos
1121 2846 1235 2885 non
1265 2827 1412 2885 nihil
1438 2827 1634 2886 laudis
1660 2827 1974 2885 adsecutus
2000 2826 2109 2884 fuit
2137 2826 2350 2885 Petrus

519 2915 1026 2991 Montopolitanus,
1091 2922 1262 2991 poeta
1315 2921 1374 2974 et
1429 2922 1622 2974 orator
1683 2934 1798 2974 non
1859 2915 2186 2985 incelebris,
2248 2916 2349 2991 qui

520 3005 738 3063 Romae
764 3004 882 3062 illis
909 3006 1268 3081 temporibus
1296 3006 1599 3081 professus
1626 3010 1733 3079 est,
1764 3005 1976 3081 quibus
1994 3004 2350 3080 Pomponius

520 3094 736 3152 Laetus
787 3093 981 3152 adhuc
1033 3094 1264 3153 iuvenis
1317 3094 1638 3153 clarescere
1692 3094 1899 3170 coepit,
1960 3094 2104 3170 quin
2158 3100 2218 3152 et
2262 3093 2350 3151 illi

520 3182 896 3259 aliquamdiu,
943 3188 1010 3241 ut
1056 3183 1256 3241 scribit
1301 3183 1643 3257 Sabellicus,
1690 3200 1927 3259 operam
1970 3182 2146 3241 dedit.
2218 3182 2349 3240 Fuit

521 3279 582 3330 et
623 3275 853 3330 Aeneas
907 3272 1369 3331 Piccolomineus
1434 3272 1740 3345 SenensiS,
1804 3278 1975 3348 poeta
2028 3277 2087 3330 et
2146 3275 2350 3342 orator,

522 3362 623 3437 qui
667 3361 930 3437 pontifex
974 3361 1267 3419 maximus
1312 3367 1541 3420 creatus
1568 3362 1715 3419 Pius
1740 3360 1820 3419 Π.
1848 3361 2041 3419 dictus
2071 3365 2177 3418 est.
2238 3358 2350 3431 Qui

523 3451 574 3509 si
633 3456 854 3509 tantam
913 3449 1122 3509 litteris
1177 3468 1415 3526 operam
1468 3450 1752 3523 dedisset,
1818 3455 1883 3507 ut
1937 3449 2030 3508 vel
2089 3448 2351 3525 privatus

523 3541 700 3598 rebus
763 3539 1006 3614 agendis
1065 3539 1159 3598 vel
1217 3540 1279 3597 in
1343 3557 1575 3599 summa
1638 3539 1919 3615 dignitate
1983 3538 2349 3610 constitutuS,

522 3629 705 3687 ferme
751 3628 1020 3685 omnibus
1066 3628 1158 3686 his
1203 3635 1360 3689 esset
1406 3629 1772 3706 aequandus:
1820 3628 1967 3686 mira
2010 3627 2072 3684 in
2100 3644 2167 3685 eo
2196 3631 2351 3684 certe

1971 3728 2033 3781 2*
