<?xml version="1.0" encoding="UTF-8"?>
<!DOCTYPE html PUBLIC "-//W3C//DTD XHTML 1.0 Transitional//EN"
    "http://www.w3.org/TR/xhtml1/DTD/xhtml1-transitional.dtd">
<html xmlns="http://www.w3.org/1999/xhtml" xml:lang="en" lang="en">
 <head>
  <title>
</title>
<meta http-equiv="Content-Type" content="text/html;charset=utf-8" />
  <meta name='ocr-system' content='tesseract 3.04.00' />
  <meta name='ocr-capabilities' content='ocr_page ocr_carea ocr_par ocr_line ocrx_word'/>
</head>
<body>
  <div class='ocr_page' id='page_1' title='image "./lilivsgregorivs00unkngoog_0062.png"; bbox 0 0 2796 4185; ppageno 0'>
   <div class='ocr_carea' id='block_1_1' title="bbox 491 393 1801 466">
    <p class='ocr_par' dir='ltr' id='par_1_1' title="bbox 491 393 1801 466">
     <span class='ocr_line' id='line_1_1' title="bbox 491 393 1801 466; baseline 0.001 -17"><span class='ocrx_word' id='word_1_1' title='bbox 491 393 570 449; x_wconf 82' lang='lat'>3‘2</span> <span class='ocrx_word' id='word_1_2' title='bbox 1101 411 1425 466; x_wconf 76' lang='lat' dir='ltr'>GYRAans,</span> <span class='ocrx_word' id='word_1_3' title='bbox 1470 411 1545 450; x_wconf 79' lang='lat' dir='ltr'>m:</span> <span class='ocrx_word' id='word_1_4' title='bbox 1584 411 1801 450; x_wconf 67' lang='lat' dir='ltr'>Pomm.</span> 
     </span>
    </p>
   </div>
   <div class='ocr_carea' id='block_1_2' title="bbox 488 588 2414 3690">
    <p class='ocr_par' dir='ltr' id='par_1_2' title="bbox 488 588 2414 3690">
     <span class='ocr_line' id='line_1_2' title="bbox 573 588 2414 648; baseline 0.002 -3"><span class='ocrx_word' id='word_1_5' title='bbox 573 588 730 646; x_wconf 63' lang='lat' dir='ltr'>vitae</span> <span class='ocrx_word' id='word_1_6' title='bbox 778 595 995 646; x_wconf 88' lang='lat' dir='ltr'>sectam</span> <span class='ocrx_word' id='word_1_7' title='bbox 1029 588 1261 647; x_wconf 87' lang='lat' dir='ltr'>Christo</span> <span class='ocrx_word' id='word_1_8' title='bbox 1307 588 1417 646; x_wconf 91' lang='lat' dir='ltr'>deo</span> <span class='ocrx_word' id='word_1_9' title='bbox 1464 607 1633 647; x_wconf 87' lang='lat' dir='ltr'>omne</span> <span class='ocrx_word' id='word_1_10' title='bbox 1681 606 1855 646; x_wconf 91' lang='lat' dir='ltr'>suum</span> <span class='ocrx_word' id='word_1_11' title='bbox 1902 588 2161 646; x_wconf 87' lang='lat' dir='ltr'>studium</span> <span class='ocrx_word' id='word_1_12' title='bbox 2198 588 2414 648; x_wconf 84' lang='lat' dir='ltr'>dicavit</span> 
     </span>
     <span class='ocr_line' id='line_1_3' title="bbox 581 677 2413 754; baseline 0.001 -20"><span class='ocrx_word' id='word_1_13' title='bbox 581 677 882 754; x_wconf 87' lang='lat' dir='ltr'>multaque</span> <span class='ocrx_word' id='word_1_14' title='bbox 925 677 987 734; x_wconf 90' lang='lat' dir='ltr'>in</span> <span class='ocrx_word' id='word_1_15' title='bbox 1033 677 1158 736; x_wconf 89' lang='lat' dir='ltr'>dies</span> <span class='ocrx_word' id='word_1_16' title='bbox 1203 695 1271 735; x_wconf 93' lang='lat' dir='ltr'>eo</span> <span class='ocrx_word' id='word_1_17' title='bbox 1319 677 1609 736; x_wconf 86' lang='lat' dir='ltr'>scribendi</span> <span class='ocrx_word' id='word_1_18' title='bbox 1655 695 1868 752; x_wconf 81' lang='lat' dir='ltr'>genere</span> <span class='ocrx_word' id='word_1_19' title='bbox 1912 677 1986 735; x_wconf 89' lang='lat' dir='ltr'>ad</span> <span class='ocrx_word' id='word_1_20' title='bbox 2033 677 2308 753; x_wconf 82' lang='lat' dir='ltr'>pietatem</span> <span class='ocrx_word' id='word_1_21' title='bbox 2351 684 2413 736; x_wconf 87' lang='lat' dir='ltr'>et</span> 
     </span>
     <span class='ocr_line' id='line_1_4' title="bbox 579 765 2411 842; baseline 0.001 -19"><span class='ocrx_word' id='word_1_22' title='bbox 579 767 758 824; x_wconf 90' lang='lat' dir='ltr'>bonos</span> <span class='ocrx_word' id='word_1_23' title='bbox 788 784 977 825; x_wconf 88' lang='lat' dir='ltr'>mores</span> <span class='ocrx_word' id='word_1_24' title='bbox 1005 765 1306 824; x_wconf 74' lang='lat' dir='ltr'>invitantia</span> <span class='ocrx_word' id='word_1_25' title='bbox 1323 766 1438 842; x_wconf 84' lang='lat' dir='ltr'>piis</span> <span class='ocrx_word' id='word_1_26' title='bbox 1464 766 1797 824; x_wconf 86' lang='lat' dir='ltr'>hominibus</span> <span class='ocrx_word' id='word_1_27' title='bbox 1824 765 2077 825; x_wconf 82' lang='lat' dir='ltr'>exhibet.</span> <span class='ocrx_word' id='word_1_28' title='bbox 2131 765 2411 824; x_wconf 86' lang='lat' dir='ltr'>Ioannem</span> 
     </span>
     <span class='ocr_line' id='line_1_5' title="bbox 579 855 2411 929; baseline -0.001 -16"><span class='ocrx_word' id='word_1_29' title='bbox 579 855 808 913; x_wconf 82' lang='lat' dir='ltr'><strong>Cottam</strong></span> <span class='ocrx_word' id='word_1_30' title='bbox 851 855 1124 913; x_wconf 88' lang='lat' dir='ltr'>iuvenem</span> <span class='ocrx_word' id='word_1_31' title='bbox 1169 855 1513 914; x_wconf 68' lang='lat' dir='ltr'>adulescens</span> <span class='ocrx_word' id='word_1_32' title='bbox 1558 855 1679 912; x_wconf 77' lang='lat' dir='ltr'>vidi</span> <span class='ocrx_word' id='word_1_33' title='bbox 1734 855 1904 913; x_wconf 88' lang='lat' dir='ltr'>multi</span> <span class='ocrx_word' id='word_1_34' title='bbox 1948 855 2167 929; x_wconf 89' lang='lat' dir='ltr'>ingenii</span> <span class='ocrx_word' id='word_1_35' title='bbox 2212 873 2279 913; x_wconf 86' lang='lat' dir='ltr'>ac</span> <span class='ocrx_word' id='word_1_36' title='bbox 2323 855 2411 913; x_wconf 91' lang='lat' dir='ltr'>iu-</span> 
     </span>
     <span class='ocr_line' id='line_1_6' title="bbox 515 943 2411 1020; baseline 0.001 -19"><span class='ocrx_word' id='word_1_37' title='bbox 515 969 540 995; x_wconf 96' lang='lat'>›</span> <span class='ocrx_word' id='word_1_38' title='bbox 578 944 712 1002; x_wconf 87' lang='lat' dir='ltr'>dicii</span> <span class='ocrx_word' id='word_1_39' title='bbox 758 944 912 1002; x_wconf 89' lang='lat' dir='ltr'>ultra</span> <span class='ocrx_word' id='word_1_40' title='bbox 957 963 1134 1020; x_wconf 89' lang='lat' dir='ltr'>quam</span> <span class='ocrx_word' id='word_1_41' title='bbox 1179 949 1338 1002; x_wconf 80' lang='lat' dir='ltr'>aetas</span> <span class='ocrx_word' id='word_1_42' title='bbox 1385 962 1493 1002; x_wconf 91' lang='lat' dir='ltr'>sua</span> <span class='ocrx_word' id='word_1_43' title='bbox 1536 944 1639 1002; x_wconf 89' lang='lat' dir='ltr'>illa</span> <span class='ocrx_word' id='word_1_44' title='bbox 1682 944 1917 1003; x_wconf 77' lang='lat' dir='ltr'>ferebat.</span> <span class='ocrx_word' id='word_1_45' title='bbox 2000 943 2155 1001; x_wconf 87' lang='lat' dir='ltr'>Nam</span> <span class='ocrx_word' id='word_1_46' title='bbox 2201 944 2411 1002; x_wconf 90' lang='lat' dir='ltr'>humili</span> 
     </span>
     <span class='ocr_line' id='line_1_7' title="bbox 580 1032 2411 1109; baseline 0 -18"><span class='ocrx_word' id='word_1_47' title='bbox 580 1033 704 1091; x_wconf 89' lang='lat' dir='ltr'>loco</span> <span class='ocrx_word' id='word_1_48' title='bbox 759 1039 934 1091; x_wconf 88' lang='lat' dir='ltr'>natus</span> <span class='ocrx_word' id='word_1_49' title='bbox 987 1032 1049 1090; x_wconf 93' lang='lat' dir='ltr'>in</span> <span class='ocrx_word' id='word_1_50' title='bbox 1093 1033 1283 1090; x_wconf 76' lang='lat' dir='ltr'>varias</span> <span class='ocrx_word' id='word_1_51' title='bbox 1328 1032 1529 1091; x_wconf 85' lang='lat' dir='ltr'>Italiae</span> <span class='ocrx_word' id='word_1_52' title='bbox 1584 1039 1781 1108; x_wconf 82' lang='lat' dir='ltr'>partes</span> <span class='ocrx_word' id='word_1_53' title='bbox 1825 1051 2069 1109; x_wconf 85' lang='lat' dir='ltr'>peregre</span> <span class='ocrx_word' id='word_1_54' title='bbox 2115 1033 2411 1108; x_wconf 83' lang='lat' dir='ltr'>profectus</span> 
     </span>
     <span class='ocr_line' id='line_1_8' title="bbox 579 1121 2411 1197; baseline -0.001 -17"><span class='ocrx_word' id='word_1_55' title='bbox 579 1122 810 1180; x_wconf 85' lang='lat' dir='ltr'>tandem</span> <span class='ocrx_word' id='word_1_56' title='bbox 867 1121 1110 1180; x_wconf 81' lang='lat' dir='ltr'>Liviano</span> <span class='ocrx_word' id='word_1_57' title='bbox 1156 1121 1515 1179; x_wconf 78' lang='lat' dir='ltr'>Venetorum</span> <span class='ocrx_word' id='word_1_58' title='bbox 1570 1122 1907 1197; x_wconf 89' lang='lat' dir='ltr'>imperatori</span> <span class='ocrx_word' id='word_1_59' title='bbox 1966 1122 2243 1194; x_wconf 81' lang='lat' dir='ltr'>adhaesit,</span> <span class='ocrx_word' id='word_1_60' title='bbox 2306 1122 2411 1180; x_wconf 92' lang='lat' dir='ltr'>sed</span> 
     </span>
     <span class='ocr_line' id='line_1_9' title="bbox 577 1209 2411 1286; baseline -0.001 -17"><span class='ocrx_word' id='word_1_61' title='bbox 577 1216 745 1286; x_wconf 84' lang='lat' dir='ltr'>capto</span> <span class='ocrx_word' id='word_1_62' title='bbox 817 1211 1059 1269; x_wconf 84' lang='lat' dir='ltr'>Liviano</span> <span class='ocrx_word' id='word_1_63' title='bbox 1121 1229 1156 1268; x_wconf 87' lang='lat' dir='ltr'>a</span> <span class='ocrx_word' id='word_1_64' title='bbox 1221 1209 1407 1268; x_wconf 81' lang='lat' dir='ltr'>Gallis</span> <span class='ocrx_word' id='word_1_65' title='bbox 1474 1211 1635 1269; x_wconf 87' lang='lat' dir='ltr'>illius</span> <span class='ocrx_word' id='word_1_66' title='bbox 1700 1211 1972 1269; x_wconf 88' lang='lat' dir='ltr'>mandato</span> <span class='ocrx_word' id='word_1_67' title='bbox 2040 1211 2116 1268; x_wconf 91' lang='lat' dir='ltr'>ad</span> <span class='ocrx_word' id='word_1_68' title='bbox 2190 1210 2411 1268; x_wconf 91' lang='lat' dir='ltr'>Iulium</span> 
     </span>
     <span class='ocr_line' id='line_1_10' title="bbox 578 1299 2411 1375; baseline 0 -18"><span class='ocrx_word' id='word_1_69' title='bbox 578 1300 910 1374; x_wconf 85' lang='lat' dir='ltr'>pontificem</span> <span class='ocrx_word' id='word_1_70' title='bbox 979 1299 1274 1375; x_wconf 81' lang='lat' dir='ltr'>profectus</span> <span class='ocrx_word' id='word_1_71' title='bbox 1343 1301 1543 1357; x_wconf 91' lang='lat' dir='ltr'>morbo</span> <span class='ocrx_word' id='word_1_72' title='bbox 1612 1300 1843 1358; x_wconf 84' lang='lat' dir='ltr'>interiit.</span> <span class='ocrx_word' id='word_1_73' title='bbox 1956 1299 2070 1358; x_wconf 89' lang='lat' dir='ltr'>Hic</span> <span class='ocrx_word' id='word_1_74' title='bbox 2142 1318 2281 1374; x_wconf 89' lang='lat' dir='ltr'>ergo</span> <span class='ocrx_word' id='word_1_75' title='bbox 2348 1301 2411 1357; x_wconf 88' lang='lat' dir='ltr'>in</span> 
     </span>
     <span class='ocr_line' id='line_1_11' title="bbox 494 1388 2410 1465; baseline 0.001 -19"><span class='ocrx_word' id='word_1_76' title='bbox 494 1401 542 1440; x_wconf 81' lang='lat'>10</span> <span class='ocrx_word' id='word_1_77' title='bbox 579 1405 756 1446; x_wconf 86' lang='lat' dir='ltr'>cursu</span> <span class='ocrx_word' id='word_1_78' title='bbox 835 1388 1062 1446; x_wconf 85' lang='lat' dir='ltr'>iuvenis</span> <span class='ocrx_word' id='word_1_79' title='bbox 1126 1388 1348 1447; x_wconf 90' lang='lat' dir='ltr'>cecidit.</span> <span class='ocrx_word' id='word_1_80' title='bbox 1459 1388 1603 1447; x_wconf 84' lang='lat' dir='ltr'>Eius</span> <span class='ocrx_word' id='word_1_81' title='bbox 1681 1389 2011 1465; x_wconf 81' lang='lat' dir='ltr'>complures</span> <span class='ocrx_word' id='word_1_82' title='bbox 2089 1389 2410 1448; x_wconf 88' lang='lat' dir='ltr'>versiculos</span> 
     </span>
     <span class='ocr_line' id='line_1_12' title="bbox 577 1477 2410 1554; baseline 0.001 -20"><span class='ocrx_word' id='word_1_83' title='bbox 577 1477 888 1553; x_wconf 87' lang='lat' dir='ltr'>aliquando</span> <span class='ocrx_word' id='word_1_84' title='bbox 932 1477 1066 1552; x_wconf 85' lang='lat' dir='ltr'>legi,</span> <span class='ocrx_word' id='word_1_85' title='bbox 1113 1495 1260 1553; x_wconf 90' lang='lat' dir='ltr'>quos</span> <span class='ocrx_word' id='word_1_86' title='bbox 1306 1484 1366 1536; x_wconf 86' lang='lat' dir='ltr'>et</span> <span class='ocrx_word' id='word_1_87' title='bbox 1410 1477 1627 1553; x_wconf 85' lang='lat' dir='ltr'>legisse</span> <span class='ocrx_word' id='word_1_88' title='bbox 1672 1478 1849 1551; x_wconf 84' lang='lat' dir='ltr'>iuvat,</span> <span class='ocrx_word' id='word_1_89' title='bbox 1891 1478 2163 1554; x_wconf 85' lang='lat' dir='ltr'>idemque</span> <span class='ocrx_word' id='word_1_90' title='bbox 2209 1484 2275 1536; x_wconf 91' lang='lat' dir='ltr'>ut</span> <span class='ocrx_word' id='word_1_91' title='bbox 2304 1496 2410 1536; x_wconf 85' lang='lat' dir='ltr'>vos</span> 
     </span>
     <span class='ocr_line' id='line_1_13' title="bbox 578 1566 2410 1638; baseline 0.001 -15"><span class='ocrx_word' id='word_1_92' title='bbox 578 1567 819 1638; x_wconf 80' lang='lat' dir='ltr'>faciatiS,</span> <span class='ocrx_word' id='word_1_93' title='bbox 879 1566 1198 1624; x_wconf 70' lang='lat' dir='ltr'>identidem</span> <span class='ocrx_word' id='word_1_94' title='bbox 1244 1585 1467 1625; x_wconf 83' lang='lat' dir='ltr'>moneO.</span> <span class='ocrx_word' id='word_1_95' title='bbox 1561 1566 1847 1625; x_wconf 89' lang='lat' dir='ltr'>Videbitis</span> <span class='ocrx_word' id='word_1_96' title='bbox 1910 1567 2115 1625; x_wconf 88' lang='lat' dir='ltr'>miram</span> <span class='ocrx_word' id='word_1_97' title='bbox 2179 1567 2410 1626; x_wconf 84' lang='lat' dir='ltr'>iuvenis</span> 
     </span>
     <span class='ocr_line' id='line_1_14' title="bbox 579 1655 2408 1730; baseline 0.001 -18"><span class='ocrx_word' id='word_1_98' title='bbox 579 1655 858 1730; x_wconf 83' lang='lat' dir='ltr'>indolem3</span> <span class='ocrx_word' id='word_1_99' title='bbox 920 1655 1014 1713; x_wconf 91' lang='lat' dir='ltr'>cui</span> <span class='ocrx_word' id='word_1_100' title='bbox 1073 1655 1122 1713; x_wconf 91' lang='lat' dir='ltr'>si</span> <span class='ocrx_word' id='word_1_101' title='bbox 1182 1656 1302 1714; x_wconf 83' lang='lat' dir='ltr'>fata</span> <span class='ocrx_word' id='word_1_102' title='bbox 1358 1655 1682 1730; x_wconf 89' lang='lat' dir='ltr'>longiorem</span> <span class='ocrx_word' id='word_1_103' title='bbox 1740 1656 1919 1714; x_wconf 81' lang='lat' dir='ltr'>vitam</span> <span class='ocrx_word' id='word_1_104' title='bbox 1966 1656 2408 1730; x_wconf 83' lang='lat' dir='ltr'>concessissent,</span> 
     </span>
     <span class='ocr_line' id='line_1_15' title="bbox 578 1744 2409 1820; baseline 0.001 -19"><span class='ocrx_word' id='word_1_105' title='bbox 578 1744 726 1802; x_wconf 86' lang='lat' dir='ltr'>inter</span> <span class='ocrx_word' id='word_1_106' title='bbox 790 1745 1070 1802; x_wconf 85' lang='lat' dir='ltr'>bonarum</span> <span class='ocrx_word' id='word_1_107' title='bbox 1145 1744 1472 1802; x_wconf 86' lang='lat' dir='ltr'>litterarum</span> <span class='ocrx_word' id='word_1_108' title='bbox 1546 1763 1817 1820; x_wconf 81' lang='lat' dir='ltr'>proceres</span> <span class='ocrx_word' id='word_1_109' title='bbox 1891 1745 2048 1803; x_wconf 88' lang='lat' dir='ltr'>haud</span> <span class='ocrx_word' id='word_1_110' title='bbox 2120 1745 2409 1803; x_wconf 80' lang='lat' dir='ltr'>immerito</span> 
     </span>
     <span class='ocr_line' id='line_1_16' title="bbox 496 1833 2411 1909; baseline 0.001 -18"><span class='ocrx_word' id='word_1_111' title='bbox 496 1846 546 1885; x_wconf 80' lang='lat'>15</span> <span class='ocrx_word' id='word_1_112' title='bbox 587 1833 755 1891; x_wconf 85' lang='lat' dir='ltr'>Cotta</span> <span class='ocrx_word' id='word_1_113' title='bbox 830 1841 1356 1892; x_wconf 85' lang='lat' dir='ltr'>connumeraretur.</span> <span class='ocrx_word' id='word_1_114' title='bbox 1449 1833 1703 1892; x_wconf 84' lang='lat' dir='ltr'>Multum</span> <span class='ocrx_word' id='word_1_115' title='bbox 1768 1851 1999 1909; x_wconf 87' lang='lat' dir='ltr'>quoque</span> <span class='ocrx_word' id='word_1_116' title='bbox 2061 1833 2279 1908; x_wconf 87' lang='lat' dir='ltr'>ingenii</span> <span class='ocrx_word' id='word_1_117' title='bbox 2341 1853 2411 1892; x_wconf 89' lang='lat' dir='ltr'>ac</span> 
     </span>
     <span class='ocr_line' id='line_1_17' title="bbox 583 1922 2410 1998; baseline 0.001 -19"><span class='ocrx_word' id='word_1_118' title='bbox 583 1922 780 1980; x_wconf 89' lang='lat' dir='ltr'>iudicii</span> <span class='ocrx_word' id='word_1_119' title='bbox 826 1923 887 1980; x_wconf 91' lang='lat' dir='ltr'>in</span> <span class='ocrx_word' id='word_1_120' title='bbox 933 1923 1132 1980; x_wconf 86' lang='lat' dir='ltr'>Marco</span> <span class='ocrx_word' id='word_1_121' title='bbox 1179 1922 1413 1981; x_wconf 87' lang='lat' dir='ltr'>Caballo</span> <span class='ocrx_word' id='word_1_122' title='bbox 1444 1923 1805 1981; x_wconf 86' lang='lat' dir='ltr'>Anconitano</span> <span class='ocrx_word' id='word_1_123' title='bbox 1850 1922 2157 1998; x_wconf 86' lang='lat' dir='ltr'>conspicio,</span> <span class='ocrx_word' id='word_1_124' title='bbox 2205 1940 2410 1981; x_wconf 83' lang='lat' dir='ltr'>verum</span> 
     </span>
     <span class='ocr_line' id='line_1_18' title="bbox 584 2011 2405 2088; baseline 0.001 -19"><span class='ocrx_word' id='word_1_125' title='bbox 584 2011 682 2069; x_wconf 90' lang='lat' dir='ltr'>ille</span> <span class='ocrx_word' id='word_1_126' title='bbox 744 2029 848 2069; x_wconf 89' lang='lat' dir='ltr'>sua</span> <span class='ocrx_word' id='word_1_127' title='bbox 907 2011 1224 2069; x_wconf 87' lang='lat' dir='ltr'>admodum</span> <span class='ocrx_word' id='word_1_128' title='bbox 1272 2011 1613 2088; x_wconf 79' lang='lat' dir='ltr'>supprimit3</span> <span class='ocrx_word' id='word_1_129' title='bbox 1675 2011 1971 2070; x_wconf 80' lang='lat' dir='ltr'>interdum</span> <span class='ocrx_word' id='word_1_130' title='bbox 2029 2017 2227 2070; x_wconf 87' lang='lat' dir='ltr'>tamen</span> <span class='ocrx_word' id='word_1_131' title='bbox 2285 2011 2405 2088; x_wconf 91' lang='lat' dir='ltr'>epi-</span> 
     </span>
     <span class='ocr_line' id='line_1_19' title="bbox 578 2100 2413 2175; baseline 0 -16"><span class='ocrx_word' id='word_1_132' title='bbox 578 2106 902 2175; x_wconf 85' lang='lat' dir='ltr'>grammata</span> <span class='ocrx_word' id='word_1_133' title='bbox 963 2108 1091 2159; x_wconf 89' lang='lat' dir='ltr'>tum</span> <span class='ocrx_word' id='word_1_134' title='bbox 1157 2100 1363 2159; x_wconf 86' lang='lat' dir='ltr'>Latina</span> <span class='ocrx_word' id='word_1_135' title='bbox 1436 2107 1563 2159; x_wconf 91' lang='lat' dir='ltr'>tum</span> <span class='ocrx_word' id='word_1_136' title='bbox 1638 2101 1947 2159; x_wconf 86' lang='lat' dir='ltr'>vernacula</span> <span class='ocrx_word' id='word_1_137' title='bbox 2030 2100 2413 2160; x_wconf 86' lang='lat' dir='ltr'>Etruscorum</span> 
     </span>
     <span class='ocr_line' id='line_1_20' title="bbox 583 2189 2411 2267; baseline 0.001 -20"><span class='ocrx_word' id='word_1_138' title='bbox 583 2190 725 2247; x_wconf 90' lang='lat' dir='ltr'>mihi</span> <span class='ocrx_word' id='word_1_139' title='bbox 785 2190 1028 2265; x_wconf 88' lang='lat' dir='ltr'>aliisque</span> <span class='ocrx_word' id='word_1_140' title='bbox 1083 2189 1284 2248; x_wconf 88' lang='lat' dir='ltr'>amicis</span> <span class='ocrx_word' id='word_1_141' title='bbox 1339 2190 1583 2249; x_wconf 80' lang='lat' dir='ltr'>recitare</span> <span class='ocrx_word' id='word_1_142' title='bbox 1630 2190 1839 2249; x_wconf 91' lang='lat' dir='ltr'>solitus</span> <span class='ocrx_word' id='word_1_143' title='bbox 1896 2196 2003 2264; x_wconf 93' lang='lat' dir='ltr'>est,</span> <span class='ocrx_word' id='word_1_144' title='bbox 2064 2209 2216 2267; x_wconf 83' lang='lat' dir='ltr'>quae</span> <span class='ocrx_word' id='word_1_145' title='bbox 2271 2190 2411 2249; x_wconf 88' lang='lat' dir='ltr'>talia</span> 
     </span>
     <span class='ocr_line' id='line_1_21' title="bbox 489 2279 2409 2355; baseline 0.003 -24"><span class='ocrx_word' id='word_1_146' title='bbox 489 2292 542 2331; x_wconf 81' lang='lat'>20</span> <span class='ocrx_word' id='word_1_147' title='bbox 583 2286 736 2351; x_wconf 90' lang='lat' dir='ltr'>sunt,</span> <span class='ocrx_word' id='word_1_148' title='bbox 804 2285 868 2336; x_wconf 88' lang='lat' dir='ltr'>ut</span> <span class='ocrx_word' id='word_1_149' title='bbox 930 2280 1081 2337; x_wconf 88' lang='lat' dir='ltr'>inter</span> <span class='ocrx_word' id='word_1_150' title='bbox 1151 2279 1330 2337; x_wconf 91' lang='lat' dir='ltr'>bonos</span> <span class='ocrx_word' id='word_1_151' title='bbox 1397 2285 1729 2355; x_wconf 86' lang='lat' dir='ltr'>reponatur.</span> <span class='ocrx_word' id='word_1_152' title='bbox 1839 2280 1949 2338; x_wconf 84' lang='lat' dir='ltr'>Est</span> <span class='ocrx_word' id='word_1_153' title='bbox 2010 2285 2071 2337; x_wconf 86' lang='lat' dir='ltr'>et</span> <span class='ocrx_word' id='word_1_154' title='bbox 2132 2279 2409 2338; x_wconf 87' lang='lat' dir='ltr'>Nicolaus</span> 
     </span>
     <span class='ocr_line' id='line_1_22' title="bbox 583 2368 2409 2445; baseline 0.001 -20"><span class='ocrx_word' id='word_1_155' title='bbox 583 2368 854 2426; x_wconf 85' lang='lat' dir='ltr'>Caballus</span> <span class='ocrx_word' id='word_1_156' title='bbox 901 2374 960 2425; x_wconf 88' lang='lat' dir='ltr'>et</span> <span class='ocrx_word' id='word_1_157' title='bbox 997 2368 1144 2443; x_wconf 79' lang='lat' dir='ltr'>-ipse</span> <span class='ocrx_word' id='word_1_158' title='bbox 1191 2368 1587 2427; x_wconf 82' lang='lat' dir='ltr'>Anconitanus</span> <span class='ocrx_word' id='word_1_159' title='bbox 1648 2369 1795 2427; x_wconf 91' lang='lat' dir='ltr'>bene</span> <span class='ocrx_word' id='word_1_160' title='bbox 1853 2369 2133 2442; x_wconf 75' lang='lat' dir='ltr'>erudituS,</span> <span class='ocrx_word' id='word_1_161' title='bbox 2194 2369 2409 2445; x_wconf 88' lang='lat' dir='ltr'>quique</span> 
     </span>
     <span class='ocr_line' id='line_1_23' title="bbox 577 2456 2409 2534; baseline 0.002 -21"><span class='ocrx_word' id='word_1_162' title='bbox 577 2457 638 2513; x_wconf 92' lang='lat' dir='ltr'>in</span> <span class='ocrx_word' id='word_1_163' title='bbox 683 2456 910 2532; x_wconf 89' lang='lat' dir='ltr'>poetica</span> <span class='ocrx_word' id='word_1_164' title='bbox 955 2474 1070 2514; x_wconf 88' lang='lat' dir='ltr'>non</span> <span class='ocrx_word' id='word_1_165' title='bbox 1115 2456 1261 2514; x_wconf 92' lang='lat' dir='ltr'>nihil</span> <span class='ocrx_word' id='word_1_166' title='bbox 1307 2458 1565 2532; x_wconf 84' lang='lat' dir='ltr'>profecit.</span> <span class='ocrx_word' id='word_1_167' title='bbox 1657 2458 1771 2516; x_wconf 90' lang='lat' dir='ltr'>Hic</span> <span class='ocrx_word' id='word_1_168' title='bbox 1798 2458 2094 2515; x_wconf 84' lang='lat' dir='ltr'>Ferrariae</span> <span class='ocrx_word' id='word_1_169' title='bbox 2121 2457 2409 2534; x_wconf 89' lang='lat' dir='ltr'>Alphonsi</span> 
     </span>
     <span class='ocr_line' id='line_1_24' title="bbox 579 2545 2411 2621; baseline 0.001 -18"><span class='ocrx_word' id='word_1_170' title='bbox 579 2545 858 2621; x_wconf 89' lang='lat' dir='ltr'>principis</span> <span class='ocrx_word' id='word_1_171' title='bbox 885 2546 1197 2604; x_wconf 90' lang='lat' dir='ltr'>liberorum</span> <span class='ocrx_word' id='word_1_172' title='bbox 1224 2545 1525 2605; x_wconf 89' lang='lat' dir='ltr'>institutor</span> <span class='ocrx_word' id='word_1_173' title='bbox 1556 2565 1624 2603; x_wconf 86' lang='lat' dir='ltr'>ac</span> <span class='ocrx_word' id='word_1_174' title='bbox 1650 2547 1927 2605; x_wconf 82' lang='lat' dir='ltr'>formator</span> <span class='ocrx_word' id='word_1_175' title='bbox 1954 2546 2113 2604; x_wconf 81' lang='lat' dir='ltr'>vivit.</span> <span class='ocrx_word' id='word_1_176' title='bbox 2141 2547 2411 2605; x_wconf 86' lang='lat' dir='ltr'>Praestat</span> 
     </span>
     <span class='ocr_line' id='line_1_25' title="bbox 579 2633 2408 2710; baseline 0.002 -19"><span class='ocrx_word' id='word_1_177' title='bbox 579 2652 694 2692; x_wconf 91' lang='lat' dir='ltr'>non</span> <span class='ocrx_word' id='word_1_178' title='bbox 755 2634 899 2691; x_wconf 90' lang='lat' dir='ltr'>nihil</span> <span class='ocrx_word' id='word_1_179' title='bbox 957 2634 1019 2691; x_wconf 90' lang='lat' dir='ltr'>in</span> <span class='ocrx_word' id='word_1_180' title='bbox 1078 2634 1260 2710; x_wconf 85' lang='lat' dir='ltr'>elegis</span> <span class='ocrx_word' id='word_1_181' title='bbox 1321 2633 1551 2694; x_wconf 81' lang='lat' dir='ltr'>Guidus</span> <span class='ocrx_word' id='word_1_182' title='bbox 1604 2636 1965 2693; x_wconf 89' lang='lat' dir='ltr'>Posthumus</span> <span class='ocrx_word' id='word_1_183' title='bbox 2024 2635 2408 2694; x_wconf 81' lang='lat' dir='ltr'>PisaurensiS.</span> 
     </span>
     <span class='ocr_line' id='line_1_26' title="bbox 488 2724 2411 2801; baseline 0.003 -25"><span class='ocrx_word' id='word_1_184' title='bbox 488 2736 541 2776; x_wconf 78' lang='lat'>25</span> <span class='ocrx_word' id='word_1_185' title='bbox 576 2726 778 2781; x_wconf 88' lang='lat' dir='ltr'>Ausus</span> <span class='ocrx_word' id='word_1_186' title='bbox 850 2724 950 2781; x_wconf 92' lang='lat' dir='ltr'>ille</span> <span class='ocrx_word' id='word_1_187' title='bbox 1012 2724 1254 2799; x_wconf 86' lang='lat' dir='ltr'>aggredi</span> <span class='ocrx_word' id='word_1_188' title='bbox 1307 2724 1639 2801; x_wconf 85' lang='lat' dir='ltr'>phalaecios</span> <span class='ocrx_word' id='word_1_189' title='bbox 1702 2730 1762 2782; x_wconf 86' lang='lat' dir='ltr'>et</span> <span class='ocrx_word' id='word_1_190' title='bbox 1841 2724 2102 2783; x_wconf 92' lang='lat' dir='ltr'>heroicos</span> <span class='ocrx_word' id='word_1_191' title='bbox 2118 2768 2132 2796; x_wconf 92' lang='lat'>,</span> <span class='ocrx_word' id='word_1_192' title='bbox 2201 2742 2411 2800; x_wconf 89' lang='lat' dir='ltr'>parum</span> 
     </span>
     <span class='ocr_line' id='line_1_27' title="bbox 579 2813 2409 2889; baseline 0.002 -21"><span class='ocrx_word' id='word_1_193' title='bbox 579 2818 892 2888; x_wconf 86' lang='lat' dir='ltr'>utrumque</span> <span class='ocrx_word' id='word_1_194' title='bbox 903 2818 1058 2871; x_wconf 83' lang='lat' dir='ltr'>recte</span> <span class='ocrx_word' id='word_1_195' title='bbox 1071 2833 1084 2888; x_wconf 81' lang='lat'><em>3</em></span> <span class='ocrx_word' id='word_1_196' title='bbox 1098 2814 1413 2889; x_wconf 77' lang='lat' dir='ltr'>sapientiae</span> <span class='ocrx_word' id='word_1_197' title='bbox 1428 2819 1488 2871; x_wconf 88' lang='lat' dir='ltr'>et</span> <span class='ocrx_word' id='word_1_198' title='bbox 1500 2814 1820 2872; x_wconf 87' lang='lat' dir='ltr'>medicinae</span> <span class='ocrx_word' id='word_1_199' title='bbox 1836 2814 2026 2873; x_wconf 91' lang='lat' dir='ltr'>studia</span> <span class='ocrx_word' id='word_1_200' title='bbox 2040 2813 2409 2889; x_wconf 83' lang='lat' dir='ltr'>amplexatus</span> 
     </span>
     <span class='ocr_line' id='line_1_28' title="bbox 585 2901 2411 2978; baseline 0.001 -20"><span class='ocrx_word' id='word_1_201' title='bbox 585 2902 765 2959; x_wconf 91' lang='lat' dir='ltr'>nihilo</span> <span class='ocrx_word' id='word_1_202' title='bbox 811 2901 948 2977; x_wconf 88' lang='lat' dir='ltr'>plus</span> <span class='ocrx_word' id='word_1_203' title='bbox 995 2920 1170 2977; x_wconf 86' lang='lat' dir='ltr'>quam</span> <span class='ocrx_word' id='word_1_204' title='bbox 1215 2903 1276 2960; x_wconf 91' lang='lat' dir='ltr'>in</span> <span class='ocrx_word' id='word_1_205' title='bbox 1320 2902 1549 2978; x_wconf 86' lang='lat' dir='ltr'>poetica</span> <span class='ocrx_word' id='word_1_206' title='bbox 1593 2902 1836 2977; x_wconf 88' lang='lat' dir='ltr'>profecit</span> <span class='ocrx_word' id='word_1_207' title='bbox 1882 2908 2119 2961; x_wconf 89' lang='lat' dir='ltr'>secutus</span> <span class='ocrx_word' id='word_1_208' title='bbox 2147 2902 2411 2961; x_wconf 75' lang='lat' dir='ltr'>convivia</span> 
     </span>
     <span class='ocr_line' id='line_1_29' title="bbox 582 2992 2411 3072; baseline 0 -23"><span class='ocrx_word' id='word_1_209' title='bbox 582 2997 642 3049; x_wconf 87' lang='lat' dir='ltr'>et</span> <span class='ocrx_word' id='word_1_210' title='bbox 705 3008 912 3065; x_wconf 86' lang='lat' dir='ltr'>regum</span> <span class='ocrx_word' id='word_1_211' title='bbox 971 2992 1300 3065; x_wconf 79' lang='lat' dir='ltr'>convictuS,</span> <span class='ocrx_word' id='word_1_212' title='bbox 1368 2992 1523 3049; x_wconf 91' lang='lat' dir='ltr'>unde</span> <span class='ocrx_word' id='word_1_213' title='bbox 1585 2992 1877 3049; x_wconf 88' lang='lat' dir='ltr'>infirmam</span> <span class='ocrx_word' id='word_1_214' title='bbox 1940 2996 2115 3067; x_wconf 87' lang='lat' dir='ltr'>atque</span> <span class='ocrx_word' id='word_1_215' title='bbox 2174 3009 2411 3072; x_wconf 81' lang='lat' dir='ltr'>aegram</span> 
     </span>
     <span class='ocr_line' id='line_1_30' title="bbox 579 3079 2410 3159; baseline 0.002 -23"><span class='ocrx_word' id='word_1_216' title='bbox 579 3079 967 3137; x_wconf 76' lang='lat' dir='ltr'>valetudinem</span> <span class='ocrx_word' id='word_1_217' title='bbox 1014 3080 1333 3155; x_wconf 82' lang='lat' dir='ltr'>contraxit;</span> <span class='ocrx_word' id='word_1_218' title='bbox 1381 3086 1447 3137; x_wconf 91' lang='lat' dir='ltr'>tu</span> <span class='ocrx_word' id='word_1_219' title='bbox 1494 3081 1805 3153; x_wconf 89' lang='lat' dir='ltr'>hominem,</span> <span class='ocrx_word' id='word_1_220' title='bbox 1849 3080 2199 3159; x_wconf 74' lang='lat' dir='ltr'>Alexander,</span> <span class='ocrx_word' id='word_1_221' title='bbox 2238 3080 2410 3156; x_wconf 87' lang='lat' dir='ltr'>plane</span> 
     </span>
     <span class='ocr_line' id='line_1_31' title="bbox 493 3168 2411 3245; baseline 0.004 -26"><span class='ocrx_word' id='word_1_222' title='bbox 493 3184 546 3221; x_wconf 70' lang='lat'>30</span> <span class='ocrx_word' id='word_1_223' title='bbox 583 3168 770 3227; x_wconf 87' lang='lat' dir='ltr'>nosti.’</span> <span class='ocrx_word' id='word_1_224' title='bbox 847 3168 982 3227; x_wconf 79' lang='lat' dir='ltr'>‘Sic</span> <span class='ocrx_word' id='word_1_225' title='bbox 1005 3168 1130 3243; x_wconf 84' lang='lat' dir='ltr'>est’,</span> <span class='ocrx_word' id='word_1_226' title='bbox 1184 3169 1375 3245; x_wconf 89' lang='lat' dir='ltr'>inquit</span> <span class='ocrx_word' id='word_1_227' title='bbox 1420 3169 1783 3243; x_wconf 86' lang='lat' dir='ltr'>Alexander,</span> <span class='ocrx_word' id='word_1_228' title='bbox 1833 3169 2005 3228; x_wconf 81' lang='lat' dir='ltr'>‘domi</span> <span class='ocrx_word' id='word_1_229' title='bbox 2051 3170 2207 3228; x_wconf 88' lang='lat' dir='ltr'>enim</span> <span class='ocrx_word' id='word_1_230' title='bbox 2251 3170 2411 3227; x_wconf 88' lang='lat' dir='ltr'>hunc</span> 
     </span>
     <span class='ocr_line' id='line_1_32' title="bbox 496 3252 2405 3341; baseline 0.003 -32"><span class='ocrx_word' id='word_1_231' title='bbox 496 3269 578 3321; x_wconf 78' lang='lat'><strong>[39]</strong></span> <span class='ocrx_word' id='word_1_232' title='bbox 685 3257 1033 3332; x_wconf 87' lang='lat' dir='ltr'>magistrum</span> <span class='ocrx_word' id='word_1_233' title='bbox 1101 3258 1459 3334; x_wconf 87' lang='lat' dir='ltr'>aliquamdiu</span> <span class='ocrx_word' id='word_1_234' title='bbox 1525 3258 1871 3317; x_wconf 57' lang='lat' dir='ltr'>habuimus?</span> <span class='ocrx_word' id='word_1_235' title='bbox 1978 3258 2101 3317; x_wconf 85' lang='lat' dir='ltr'>‘Est</span> <span class='ocrx_word' id='word_1_236' title='bbox 2155 3264 2215 3316; x_wconf 88' lang='lat' dir='ltr'>et</span> <span class='ocrx_word' id='word_1_237' title='bbox 2286 3258 2347 3315; x_wconf 91' lang='lat' dir='ltr'>in</span> <span class='ocrx_word' id='word_1_238' title='bbox 2398 3252 2405 3341; x_wconf 75' lang='grc' dir='ltr'>Ι</span> 
     </span>
     <span class='ocr_line' id='line_1_33' title="bbox 579 3346 2411 3423; baseline 0.001 -18"><span class='ocrx_word' id='word_1_239' title='bbox 579 3353 882 3422; x_wconf 87' lang='lat' dir='ltr'>poetarum</span> <span class='ocrx_word' id='word_1_240' title='bbox 973 3366 1215 3405; x_wconf 85' lang='lat' dir='ltr'>numero</span> <span class='ocrx_word' id='word_1_241' title='bbox 1305 3346 1364 3405; x_wconf 88' lang='lat' dir='ltr'>N</span> <span class='ocrx_word' id='word_1_242' title='bbox 1363 3347 1589 3405; x_wconf 90' lang='lat' dir='ltr'>icolaus</span> <span class='ocrx_word' id='word_1_243' title='bbox 1670 3348 2047 3406; x_wconf 89' lang='lat' dir='ltr'>Philomusus</span> <span class='ocrx_word' id='word_1_244' title='bbox 2129 3353 2191 3406; x_wconf 84' lang='lat' dir='ltr'>et</span> <span class='ocrx_word' id='word_1_245' title='bbox 2283 3348 2411 3423; x_wconf 91' lang='lat' dir='ltr'>ipse</span> 
     </span>
     <span class='ocr_line' id='line_1_34' title="bbox 579 3435 2411 3512; baseline 0.001 -19"><span class='ocrx_word' id='word_1_246' title='bbox 579 3435 944 3494; x_wconf 88' lang='lat' dir='ltr'>Pisaurensis</span> <span class='ocrx_word' id='word_1_247' title='bbox 961 3480 974 3507; x_wconf 97' lang='lat'>,</span> <span class='ocrx_word' id='word_1_248' title='bbox 1041 3436 1141 3511; x_wconf 91' lang='lat' dir='ltr'>qui</span> <span class='ocrx_word' id='word_1_249' title='bbox 1198 3436 1296 3495; x_wconf 90' lang='lat' dir='ltr'>hic</span> <span class='ocrx_word' id='word_1_250' title='bbox 1351 3436 1570 3495; x_wconf 89' lang='lat' dir='ltr'>Romae</span> <span class='ocrx_word' id='word_1_251' title='bbox 1630 3436 1752 3511; x_wconf 86' lang='lat' dir='ltr'>agit</span> <span class='ocrx_word' id='word_1_252' title='bbox 1810 3456 1946 3495; x_wconf 86' lang='lat' dir='ltr'>cum</span> <span class='ocrx_word' id='word_1_253' title='bbox 1990 3436 2215 3512; x_wconf 83' lang='lat' dir='ltr'>Leone3</span> <span class='ocrx_word' id='word_1_254' title='bbox 2274 3436 2411 3495; x_wconf 88' lang='lat' dir='ltr'>huic</span> 
     </span>
     <span class='ocr_line' id='line_1_35' title="bbox 578 3524 2410 3601; baseline 0.001 -19"><span class='ocrx_word' id='word_1_255' title='bbox 578 3526 756 3583; x_wconf 77' lang='lat' dir='ltr'>frater</span> <span class='ocrx_word' id='word_1_256' title='bbox 811 3531 903 3583; x_wconf 90' lang='lat' dir='ltr'>est</span> <span class='ocrx_word' id='word_1_257' title='bbox 958 3524 1232 3584; x_wconf 85' lang='lat' dir='ltr'>Valerius</span> <span class='ocrx_word' id='word_1_258' title='bbox 1291 3526 1551 3584; x_wconf 87' lang='lat' dir='ltr'>medicae</span> <span class='ocrx_word' id='word_1_259' title='bbox 1610 3526 1751 3583; x_wconf 85' lang='lat' dir='ltr'>artis</span> <span class='ocrx_word' id='word_1_260' title='bbox 1812 3527 2136 3601; x_wconf 83' lang='lat' dir='ltr'>professor,</span> <span class='ocrx_word' id='word_1_261' title='bbox 2194 3526 2295 3601; x_wconf 91' lang='lat' dir='ltr'>qui</span> <span class='ocrx_word' id='word_1_262' title='bbox 2347 3525 2410 3583; x_wconf 89' lang='lat' dir='ltr'>in</span> 
     </span>
     <span class='ocr_line' id='line_1_36' title="bbox 489 3613 2410 3690; baseline 0.002 -22"><span class='ocrx_word' id='word_1_263' title='bbox 489 3626 542 3667; x_wconf 82' lang='lat'>35</span> <span class='ocrx_word' id='word_1_264' title='bbox 579 3613 782 3688; x_wconf 87' lang='lat' dir='ltr'>elegiis</span> <span class='ocrx_word' id='word_1_265' title='bbox 838 3614 1211 3673; x_wconf 89' lang='lat' dir='ltr'>conficiendis</span> <span class='ocrx_word' id='word_1_266' title='bbox 1272 3614 1451 3673; x_wconf 88' lang='lat' dir='ltr'>nihilo</span> <span class='ocrx_word' id='word_1_267' title='bbox 1508 3614 1674 3671; x_wconf 78' lang='lat' dir='ltr'>fratri</span> <span class='ocrx_word' id='word_1_268' title='bbox 1736 3614 1985 3673; x_wconf 79' lang='lat' dir='ltr'>inferior.</span> <span class='ocrx_word' id='word_1_269' title='bbox 2108 3613 2410 3690; x_wconf 88' lang='lat' dir='ltr'>Numquid</span> 
     </span>
    </p>
   </div>
   <div class='ocr_carea' id='block_1_3' title="bbox 2762 87 2765 1568">
    <p class='ocr_par' dir='ltr' id='par_1_3' title="bbox 2762 87 2765 1568">
     <span class='ocr_line' id='line_1_37' title="bbox 2762 87 2765 1568; baseline 0 0"><span class='ocrx_word' id='word_1_270' title='bbox 2762 87 2765 1568; x_wconf 95' lang='lat' dir='ltr'> </span> 
     </span>
    </p>
   </div>
   <div class='ocr_carea' id='block_1_4' title="bbox 2761 2666 2766 3659">
    <p class='ocr_par' dir='ltr' id='par_1_4' title="bbox 2761 2666 2766 3659">
     <span class='ocr_line' id='line_1_38' title="bbox 2761 2666 2766 3659; baseline 0 0"><span class='ocrx_word' id='word_1_271' title='bbox 2761 2666 2766 3659; x_wconf 95' lang='lat' dir='ltr'> </span> 
     </span>
    </p>
   </div>
  </div>
 </body>
</html>
