2796 4185
988 449 1312 504 GYRALDVS,
1358 451 1433 489 Dr:
1478 450 1691 491 1011118.
2212 435 2293 492 33

381 631 386 636 “
463 627 910 704 praeteribimus
937 627 1257 686 Antonium
1287 627 1701 700 Thebaldeum,
1739 628 1991 686 amicum
2010 631 2082 687 ’61
2110 629 2297 687 11111111-

464 718 654 793 cipem
701 719 938 775 meum?
1012 715 1196 790 Quem
1253 722 1314 775 et
1355 717 1593 792 linguae
1655 716 1897 775 Latinae
1956 718 2299 776 castimonia

465 807 688 865 clarum
744 806 904 881 apud
950 805 1152 864 doctos
1207 805 1372 879 facit,
1418 806 1578 881 apud
1622 806 1887 864 indoctos
1934 825 2101 880 ver0,
2148 825 2298 884 quae

463 895 580 954 iam
636 895 892 971 pridem,
953 913 1202 970 quorum
1263 913 1421 953 nunc
1467 913 1655 971 paene
1701 895 1902 971 pudet,
1956 914 1992 954 a
2036 897 2298 972 patruele

398 996 428 1037 5
465 985 644 1043 fratre
663 989 802 1042 sunt
822 984 995 1056 edita,
1011 985 1342 1042 vernacula.
1365 983 1629 1047 Exstant
1648 984 1961 1061 pleraeque
1981 984 2297 1044 Thebaldei

465 1073 688 1148 elegiae
747 1079 808 1132 61
865 1073 1173 1149 utriusque
1231 1073 1469 1148 linguae
1527 1073 1771 1132 Latinae
1824 1080 1885 1132 61
1937 1074 2120 1133 116166
2175 1075 2298 1150 epi-

465 1166 804 1236 grammata,
849 1169 1059 1236 arguta
1101 1162 1205 1220 illa
1249 1162 1491 1238 quidem
1535 1168 1595 1220 et
1638 1162 1851 1235 mollia,
1908 1181 2059 1239 quae
2104 1163 2299 1221 adhuc

469 1253 578 1310 sub
622 1251 764 1309 lima
808 1256 1079 1309 teruntur
1123 1251 1398 1326 indigne.’
1472 1251 1619 1309 Cum
1666 1252 1837 1326 plura
1864 1252 1938 1310 de
1967 1251 2298 1310 Thebaldeo

467 1341 734 1400 dicturus
761 1357 971 1412 essem,
1009 1339 1407 1415 interpellavit
1433 1339 1657 1398 Iulius}
1687 1340 2053 1415 ‘Hominem’,
2090 1341 2297 1416 inquit,

377 1440 430 1482 10
468 1433 646 1488 ‘recte
692 1429 998 1487 novim11S.'
1089 1429 1165 1486 Et
1212 1429 1388 1486 simul
1435 1429 1509 1487 de
1556 1447 1619 1487 se
1665 1429 1959 1505 quoddam
2004 1429 2131 1487 eius
2177 1430 2300 1505 epi-

467 1537 730 1593 gramma
792 1517 1087 1590 recitavit,
1154 1524 1279 1576 tum
1342 1519 1593 1576 alterum
1649 1524 1709 1576 et
1772 1519 1984 1576 deinde
2042 1519 2298 1577 tertium.

470 1606 600 1680 Qua
643 1625 707 1666 re
755 1625 1075 1664 succensus
1121 1607 1485 1666 Alexander:
1548 1605 1757 1679 ‘Quin’,
1804 1606 2020 1682 inquit,
2068 1613 2119 1664 ‘o
2165 1606 2298 1678 Lili,

466 1696 668 1772 pergis
737 1696 812 1754 de
881 1696 1164 1772 reliquis?
1227 1702 1286 1754 et
1349 1701 1553 1770 poetas
1609 1695 1815 1767 redde,
1880 1695 1984 1771 qui
2042 1696 2297 1755 restant.’

468 1785 632 1843 Tunc
676 1803 816 1860 ego:
865 1785 1017 1842 ‘Fuit
1060 1790 1120 1843 et
1164 1785 1312 1842 civis
1358 1789 1556 1842 noster
1602 1783 1815 1842 Caesar
1858 1783 2077 1857 Morus,
2124 1803 2299 1860 quem

380 1887 432 1927 15
469 1881 694 1933 struma
739 1891 854 1931 non
882 1873 1032 1931 nihil
1075 1873 1452 1946 deformabat,
1500 1877 1693 1931 cetera
1720 1879 1963 1948 aspectu
1989 1873 2299 1947 iucundus,

469 1981 735 2022 sermone
768 1964 864 2021 vel
889 1962 1096 2021 Latino
1123 1969 1251 2020 tum
1279 1980 1455 2037 prosa
1491 1968 1616 2020 tum
1656 1979 1831 2032 versu
1864 1962 1958 2020 vel
1986 1963 2300 2020 vernaculo

467 2058 672 2128 gratus
717 2052 882 2126 ade0,
928 2057 996 2111 ut
1040 2051 1270 2111 iuvenis
1315 2050 1553 2127 publice
1590 2051 1685 2109 vel
1732 2051 1947 2110 orando
1995 2051 2089 2111 vel
2135 2069 2299 2128 prae-

467 2143 714 2216 legendo
770 2142 1021 2200 libenter
1065 2141 1383 2199 audiretur.
1478 2140 1595 2200 Sed
1639 2141 1712 2199 ab
1757 2142 2059 2217 Alphonso
2103 2146 2301 2199 nostro

468 2231 734 2307 principe
779 2232 856 2289 ad
903 2236 1128 2289 secreta
1171 2229 1394 2288 ascitus
1442 2247 1557 2287 non
1604 2229 1827 2287 diutius
1873 2230 2148 2305 perstitit,
2197 2231 2301 2288 sed

290 2374 294 2377 .
375 2330 433 2373 20
469 2320 781 2378 immatura
825 2326 1012 2377 morte
1059 2319 1334 2377 decessit.
1396 2318 1613 2377 Scribit
1638 2324 1700 2377 et
1726 2317 2301 2394 carminaGeorgius

468 2409 786 2467 Anselmus
832 2408 1195 2478 Parmensis
1212 2453 1225 2480 ,
1300 2408 1403 2483 qui
1478 2407 1867 2465 eruditionem
1940 2407 2177 2483 quidem
2242 2415 2304 2466 61

469 2498 831 2573 argutiarum
860 2516 975 2555 non
1005 2497 1171 2569 nihil,
1221 2497 1324 2555 sed
1370 2496 1732 2554 exsiccatum
1766 2496 1997 2553 dicendi
2026 2514 2215 2570 genus
2244 2503 2304 2555 61

447 2587 878 2644 -duriusculum
924 2586 1248 2644 consectari
1293 2584 1545 2644 videtur.
1622 2584 2085 2660 Epigrammata,
2142 2586 2301 2659 0(168,

468 2676 699 2751 aliaque
757 2676 1036 2751 pleraque
1093 2674 1283 2750 ipsius
1343 2674 1478 2748 legi.
1570 2674 1837 2749 Baptista
1880 2692 2114 2749 quoque
2158 2674 2303 2732 Pius

376 2776 434 2817 25
469 2764 852 2823 Bononiensis
885 2782 1093 2823 versus
1138 2763 1451 2839 aliquando
1483 2763 1639 2821 facit.
1705 2762 1888 2821 Cuius
1916 2762 2030 2821 etsi
2056 2763 2304 2822 obscura

469 2859 530 2911 et
573 2858 806 2913 caecata
851 2859 944 2912 est
989 2853 1187 2926 oratic,
1233 2852 1316 2910 ita
1345 2859 1413 2911 ut
1438 2854 1785 2928 plenunque
1812 2851 2113 2928 inquinate
2141 2852 2301 2928 loqui

469 2942 738 3000 videatur
753 2987 766 3014 ,
840 2960 1046 3001 versus
1109 2947 1331 3014 tamen,
1391 2959 1539 3017 (11108
1594 2940 1804 3013 edidit,
1864 2946 1925 2999 et
1982 2940 2302 3015 elegiarum

381 3042 473 3095 [40]
534 3030 604 3089 li·
638 3025 644 3113 Ι
678 3031 769 3088 bri
804 3031 1019 3089 alicubi
1056 3030 1314 3106 aliquam
1342 3030 1681 3106 praeferunt
1700 3029 2019 3105 Venerem3
2066 3034 2129 3088 at
2154 3048 2304 3106 quae

470 3138 546 3178 ex
573 3120 884 3195 Apollonio
912 3120 1121 3178 Latina
1157 3119 1316 3193 16011,
1355 3125 1423 3177 111
1448 3119 1845 3194 Argonautica
1863 3118 2083 3177 Valerii
2110 3119 2304 3177 Flacci

378 3221 435 3262 30
470 3210 797 3284 perficeret,
831 3209 1020 3284 magis
1048 3210 1121 3267 ab
1149 3208 1445 3285 aliquibus
1478 3208 1973 3267 commendantur.
2036 3207 2303 3266 Aliorum

470 3298 599 3370 hoc,
646 3316 762 3356 non
789 3316 987 3356 meum
1016 3298 1094 3356 sit
1121 3297 1425 3357 iudicium.
1492 3297 1725 3355 Coelius
1754 3314 1893 3355 vero
1914 3296 2304 3371 Calcagninus

470 3386 862 3445 Ferrariensis
921 3392 1081 3445 tanta
1133 3391 1226 3445 681
1270 3392 1329 3445 61
1373 3392 1499 3444 16111
1542 3385 1703 3444 varia
1756 3385 2083 3444 eruditione
2127 3390 2304 3460 atque

471 3475 752 3549 doctrina,
799 3482 866 3534 ut
907 3476 1176 3534 omnibus
1213 3474 1376 3546 mihi,
1410 3492 1558 3551 quos
1586 3474 1863 3546 noverim,
1892 3475 2005 3532 hac
2032 3479 2199 3549 parte
2228 3474 2305 3531 sit

471 3565 928 3641 anteponendus
960 3564 1059 3621 Illi
1081 3563 1280 3621 nescio
1300 3563 1443 3639 quid
1463 3568 1691 3621 tantum
1710 3563 2007 3621 Romanae
2025 3580 2304 3621 censurae

380 3665 436 3705 35
472 3672 541 3711 ac
587 3653 1028 3712 consuetudinis
1057 3653 1264 3711 deesse
1298 3652 1533 3710 videtur
1558 3652 1634 3709 ad
1661 3651 1789 3709 eius
1817 3651 1992 3725 plane
2022 3650 2303 3709 iudicium

489 3770 591 3814 Lat.
621 3771 1054 3813 Litteraturdenkm.
1087 3772 1151 3812 10.
1950 3753 1982 3805 3
