2796 4185
441 333 524 390 ‘24
1051 351 1374 405 GYRALDVS,
1426 352 1500 390 nn
1546 352 1757 392 ponus,

527 546 642 604 quo
689 533 857 603 pacto
903 528 1186 586 adrident.
1263 529 1386 588 Nec
1414 529 1487 587 ab
1516 529 1608 587 his
1636 529 1810 604 longe
1838 529 1983 588 afuit
2014 530 2363 588 Laurentius

525 616 772 692 Lippius
839 616 1126 675 Collensis
1147 662 1160 689 ‚
1235 619 1336 694 qui
1403 616 1649 693 Oppiani
1710 617 2067 691 Halieutica,
2141 619 2200 676 id
2274 623 2365 676 est

527 705 852 781 piscatoria,
900 706 975 764 ad
1020 706 1400 766 Laurentium
1447 707 1713 765 Medicen
1759 707 1965 765 Latina
2008 708 2157 766 facta
2206 707 2365 765 misit

527 793 1024 870 distichorumque
1084 795 1366 854 libellum.
1471 796 1617 870 Legi
1675 801 1735 854 et
1792 796 2102 872 aliquando
2156 814 2364 854 versus

463 896 489 934 5
529 883 824 942 Laurentii
883 884 1254 942 Bonincontri
1317 884 1680 944 Miniatensis
1738 884 2002 956 Etrusci,
2082 885 2189 942 viri
2250 903 2362 959 non

527 971 812 1045 ineruditi,
863 972 965 1030 sed
1013 979 1378 1048 portentosae
1416 973 1721 1032 cuiusdam
1748 973 2059 1032 doctrinae.
2132 975 2363 1043 Audite,

528 1078 675 1135 quae
721 1079 877 1119 nunc
925 1068 1287 1134 succurrunt,
1335 1063 1479 1120 haec
1524 1063 1651 1120 eius
1698 1063 1771 1120 de
1818 1063 1938 1122 Deo
1985 1063 2243 1121 carmina
2289 1081 2364 1120 ex

529 1167 634 1207 sua
679 1149 881 1224 poesi:

618 1237 731 1296 Hic
775 1239 891 1296 duo
938 1239 1198 1297 venturis
1246 1239 1449 1298 statuit
1492 1239 1807 1315 primordia
1854 1241 2057 1316 rebus-3

443 1340 492 1378 10
618 1326 912 1403 Principio
957 1327 1219 1386 altricem
1267 1329 1473 1386 silvam
1519 1347 1833 1405 rerumque
1878 1336 2193 1405 parentem,

623 1415 782 1488 Quae
815 1435 1097 1491 generum
1142 1417 1202 1474 in
1233 1435 1362 1476 sese
1408 1423 1640 1494 caperet
1668 1419 1995 1491 simulacra⁷
2041 1419 2273 1477 creavit.

528 1505 604 1562 At
649 1523 850 1563 omnes
895 1506 957 1564 hi
1002 1525 1118 1564 uno
1165 1507 1364 1565 ordine
1409 1507 1675 1565 habendi.
1736 1507 1860 1565 Nec
1905 1509 1975 1564 ab
2021 1508 2133 1565 hac
2176 1512 2364 1566 aetate

529 1593 749 1652 Paulus
777 1594 1130 1654 Piscinensis
1173 1596 1334 1668 afuit,
1383 1596 1483 1671 qui
1510 1596 1741 1654 Marsus
1787 1596 2229 1670 cognominatus
2256 1605 2362 1655 est.

528 1683 636 1740 Vir
679 1683 775 1742 hic
821 1685 998 1759 probe
1045 1685 1308 1743 eruditus
1353 1690 1413 1742 et
1460 1685 1605 1742 mira
1632 1684 1907 1744 facilitate
1951 1685 2011 1742 in
2038 1685 2365 1760 pangendis

442 1785 492 1823 15
531 1773 813 1846 versibuS,
861 1774 1028 1834 cuius
1066 1793 1200 1832 cum
1229 1774 1340 1832 alia
1368 1778 1497 1831 tum
1526 1773 1688 1834 urbis
1716 1775 1934 1852 Romae
1964 1774 2365 1848 genethliacon

527 1861 770 1937 legitur3
820 1863 1052 1938 reliquit
1098 1863 1192 1920 hic
1237 1869 1296 1921 et
1355 1863 1770 1921 commentaria
1814 1863 1999 1920 multa
2044 1863 2364 1920 eruditione

527 1950 739 2008 referta
802 1951 863 2008 in
922 1951 988 2009 P.
1043 1951 1300 2010 Nasonis
1359 1953 1543 2010 fastos
1602 1958 1662 2010 et
1721 1951 1848 2010 alia.
1954 1951 2365 2026 Sigismundus

526 2039 804 2115 Fulginas
849 2040 999 2099 inter
1042 2041 1326 2100 litteratos
1372 2041 1606 2100 habitus
1646 2047 1738 2100 est
1764 2048 2025 2117 tempore
2062 2041 2365 2117 Pomponii

529 2134 588 2186 et
632 2129 908 2202 Platinae,
957 2149 1095 2187 mox
1139 2130 1274 2188 Iulii
1312 2130 1390 2188 II.
1439 2131 1729 2205 pontificis
1777 2130 2017 2188 maximi
2063 2149 2097 2187 a
2126 2130 2364 2189 secretis

395 2230 491 2288 ‚20
528 2218 653 2275 fuit.
763 2218 1050 2293 Pleraque
1117 2219 1351 2294 scripsit
1416 2220 1695 2291 carmina⁷
1772 2220 1873 2277 sed
1949 2220 2133 2277 multo
2197 2219 2366 2294 plura

519 2307 719 2364 soluta
793 2307 1062 2365 oratione.
1181 2308 1336 2365 Huic
1428 2308 1639 2366 Petrus
1720 2309 1978 2367 Bembus
2062 2309 2367 2366 funebrem

449 2418 462 2427 ·
529 2396 843 2453 orationem
874 2396 1103 2468 dicavit,
1151 2416 1325 2472 quam
1353 2398 1415 2455 in
1444 2397 1744 2455 dominum
1773 2397 1993 2455 Vidum
2022 2398 2365 2455 Vrbinatem

450 2484 466 2556 j
527 2485 882 2559 composuit,
930 2504 1080 2561 quae
1127 2493 1186 2544 et
1231 2505 1364 2544 cum
1418 2486 1540 2544 suis
1582 2486 1881 2563 opusculis
1926 2488 2211 2562 impressa
2257 2492 2363 2545 est.

527 2573 741 2647 Audivi
800 2592 876 2631 ex
935 2575 1138 2633 multis
1185 2576 1392 2651 (neque
1448 2577 1604 2634 enim
1668 2576 1812 2633 mihi
1859 2576 2055 2633 videre
2102 2576 2363 2651 contigit)

438 2674 490 2713 25
527 2661 768 2733 Petrum
813 2663 1144 2723 Barrotium
1192 2664 1501 2737 Venetum,
1530 2664 1755 2723 Pata-vii
1800 2665 2152 2740 pontificem,
2198 2671 2366 2722 extra

527 2750 751 2826 reliqua
779 2752 906 2811 eius
951 2752 1014 2811 in
1041 2752 1250 2811 studiis
1299 2754 1580 2811 bonarum
1609 2754 1935 2811 litterarum
1962 2759 2021 2811 et
2050 2753 2365 2828 sapientiae

445 2910 452 2914 .
527 2840 734 2898 merita
793 2832 982 2899 etiam
1015 2842 1223 2907 laurea
1284 2842 1527 2917 <lignum
1586 2848 1761 2917 atque
1820 2861 1889 2900 ea
1948 2842 2187 2918 quidem
2249 2860 2365 2899 non

529 2946 605 3011 ex
649 2929 984 3003 -ParnasSO,
1047 2931 1150 2989 sed
1207 2948 1288 2989 ex
1348 2930 1407 2989 N
1408 2931 1626 2989 azareis
1683 2931 2057 3004 convallibus,
2134 2936 2200 2987 ut
2264 2930 2365 3006 qui

441 3028 532 3081 [3⁰]
583 3018 799 3077 Christi
846 3019 947 3098 dei,
991 3020 1177 3091 vitam¹
1215 3020 1483 3079 versibus
1530 3020 1607 3078 sit
1652 3026 1983 3078 exsecutus,
2058 3018 2189 3091 Qui,
2244 3013 2248 3100 Ι
2301 3024 2366 3075 ut

439 3121 493 3157 2³0
527 3103 674 3165 ‘mihi
704 3099 710 3104 ⁵
739 3107 1107 3167 Thebaldeus
1171 3115 1230 3167 et
1293 3109 1657 3184 Leonicenus
1722 3109 2134 3180 adseruerunt⁷
2200 3107 2365 3182 digni

530 3202 683 3270 sunt,
731 3203 796 3255 ut
841 3217 876 3256 a
920 3198 1032 3274 piis
1078 3204 1136 3256 et
1180 3190 1368 3256 doctis
1430 3196 1761 3257 hominibus
1815 3197 2113 3274 legantur,
2173 3196 2365 3255 adhuc

528 3291 751 3360 tamen,
813 3287 862 3343 si
920 3288 1092 3344 modo
1153 3287 1327 3360 taleS,
1386 3286 1590 3363 quales
1627 3286 2063 3362 praedicantur,
2124 3285 2363 3361 indigne

531 3376 1004 3450 supprimuntur3
1082 3376 1364 3451 quosdam
1432 3375 1574 3433 mihi
1640 3375 1877 3450 quidem
1942 3375 2206 3433 recitavit
2260 3373 2363 3431 ali-

529 3463 760 3539 quando
791 3464 1158 3523 Thebaldeus
1203 3465 1417 3522 nitidos
1465 3482 1601 3523 sane
1647 3472 1706 3521 et
1752 3464 1979 3522 castos,⁷
2047 3463 2365 3539 ‘Numquid

439 3563 492 3602 35
531 3552 658 3624 hic’,
704 3554 784 3611 ait
811 3553 1017 3627 IuliuS,
1063 3554 1403 3629 ‘Baptistam
1434 3554 1831 3625 Mantuanum,
1880 3552 1979 3627 qui
2008 3570 2161 3609 unus
2189 3570 2265 3610 ex
2292 3552 2364 3609 iis
