2796 4185
442 357 527 414 44
1056 375 1380 430 GYRALDVS,
1427 375 1502 414 nn
1545 374 1760 415 POETIS.

530 551 703 610 nimis
750 569 860 610 nec
906 551 1033 611 sine
1078 552 1275 628 aliqua
1317 553 1520 611 livoris
1566 558 1720 626 nota,
1765 552 2000 627 ingenio
2029 559 2226 611 tamen
2257 571 2367 612 nec

443 688 446 693 .
528 647 655 698 arte
714 640 951 716 penitus
1014 641 1365 714 destitutus3
1433 646 1667 699 omnino
1727 641 1902 700 huius
1959 641 2143 700 Ferae
2189 641 2366 700 catuli

529 749 739 804 parum
783 731 1135 789 tractabiles,
1212 732 1287 790 At
1322 731 1538 788 Portus
1585 731 1649 788 in
1679 731 1789 790 hac
1834 731 2112 788 facultate
2144 731 2368 788 doctior

532 825 597 877 et
652 818 828 894 longe
886 819 1147 878 limatius
1210 819 1448 878 dicendi
1506 837 1694 894 genus
1757 825 2000 877 secutus
2061 837 2168 878 sua
2227 837 2367 896 sup-

466 920 492 960 5
530 907 729 982 primit
774 927 884 966 nec
918 927 951 966 e
988 915 1161 984 portu
1206 909 1269 966 in
1302 910 1490 968 altum
1527 908 1692 967 exire
1737 909 2039 985 permittit.
2131 908 2266 966 Fuit
2309 915 2368 966 et

530 997 877 1056 Franciscus
942 996 1273 1072 Grapaldus
1337 997 1677 1056 Parmensis
1744 997 1879 1056 Iulii
1938 997 2014 1056 H.
2075 997 2366 1073 pontificis

530 1091 795 1161 tempore
855 1092 1043 1162 poeta,
1102 1105 1138 1144 a
1192 1104 1311 1162 quo
1372 1092 1466 1144 est
1521 1086 1699 1144 etiam
1761 1088 1962 1146 laurea
2019 1086 2365 1161 insignitus3

445 1227 451 1247 Ι,
530 1174 631 1249 qui
706 1181 939 1250 praeter
1019 1175 1259 1246 librum,
1352 1193 1529 1251 quem
1619 1176 1694 1235 de
1785 1176 2048 1250 partibus
2132 1175 2366 1256 aedium

535 1263 726 1321 soluto
804 1281 1073 1322 sermone
1145 1263 1359 1338 edidit,
1427 1264 1684 1323 carmina
1743 1265 1922 1323 etiam
1983 1265 2170 1323 multa
2233 1283 2366 1340 per-

442 1365 494 1404 10
532 1352 796 1428 scripsit,
871 1371 1021 1428 quae
1096 1353 1243 1411 mihi
1317 1371 1435 1412 non
1512 1353 1653 1412 satis
1729 1355 2065 1429 probantur.
2172 1354 2367 1412 Lucas

531 1441 881 1500 Valentinus
937 1442 1323 1503 Dertonensis
1402 1448 1494 1501 est
1569 1443 1810 1519 quidem
1883 1443 2150 1502 medicus
2167 1487 2181 1515 ,
2259 1443 2365 1501 sed

530 1534 592 1587 01
662 1529 985 1589 tolerabilis
1075 1537 1170 1590 est
1244 1537 1432 1607 poeta.
1569 1531 1683 1590 Hic
1756 1531 1910 1590 inter
1991 1531 2219 1607 reliqua
2291 1531 2366 1589 de

532 1637 815 1696 compage
880 1627 942 1678 et
1004 1620 1260 1679 utilitate
1333 1622 1728 1680 membrorum
1803 1621 2062 1679 carmina
2127 1619 2366 1696 scripsit

528 1713 707 1783 atque
752 1708 814 1767 in
860 1713 981 1767 tam
1028 1709 1216 1769 sterili
1262 1715 1323 1768 et
1368 1709 1600 1767 difficili
1628 1709 1876 1768 materia
1901 1728 2020 1768 non
2049 1709 2364 1768 admodum

442 1809 492 1849 15
528 1796 831 1873 inquinate
913 1798 1129 1874 pedem
1208 1798 1438 1858 extulit.
1529 1799 1814 1856 Eiusdem
1897 1804 1990 1858 est
2068 1799 2365 1856 facultatis

530 1884 931 1962 Hieronymus
977 1887 1377 1946 Fracastorius
1425 1887 1814 1960 VeronensiS,
1876 1887 1979 1964 qui
2033 1887 2109 1945 de
2165 1887 2365 1945 morbo

531 1972 787 2048 Gallico,
860 1982 929 2035 ut
1000 1977 1179 2051 vulgo
1253 1976 1508 2034 dicimus
1594 1977 1744 2052 (ipse
1808 1995 1843 2034 a
1906 1978 2150 2036 barbara
2220 1994 2366 2034 voce

530 2063 840 2140 Syphilida
894 2066 1103 2139 vocat),
1162 2065 1395 2125 libellos
1453 2072 1579 2124 tres
1637 2066 1712 2124 ad
1771 2066 2016 2125 Petrum
2075 2065 2366 2125 Bembum

528 2153 708 2211 habet
749 2154 812 2212 111
858 2173 1083 2227 manue,
1130 2155 1191 2211 in
1238 2155 1454 2230 quibus
1501 2174 1637 2213 cum
1682 2156 1953 2231 antiquos
1995 2161 2369 2213 consectatur

440 2252 495 2294 20
531 2248 755 2318 poetas,
828 2248 955 2300 tum
1018 2244 1337 2319 praecipue
1396 2244 1752 2317 Pontanum,
1831 2262 2008 2320 quem
2087 2245 2363 2313 celebrat,

530 2331 877 2390 aemulatur.
965 2330 1259 2406 Egregius
1315 2338 1476 2391 certe
1539 2333 1601 2391 in
1667 2333 2071 2408 contingendis
2133 2333 2364 2404 sabilliS,

442 2430 532 2484 [52]
614 2426 751 2495 apta
792 2420 882 2477 illi
920 2420 1195 2479 carminis
1236 2425 1557 2497 structura3
1605 2422 1668 2479 in
1707 2420 1714 2501 Ι
1757 2441 1828 2481 ea
1853 2428 2050 2489 tamen
2078 2422 2365 2498 quaedam

532 2508 923 2583 praelicenter
968 2508 1149 2583 dicta,
1197 2528 1349 2585 quae
1394 2510 1582 2569 nostri
1626 2511 1881 2569 instituti
1927 2529 2042 2569 non
2091 2517 2252 2582 sunt,
2298 2517 2366 2569 ut

441 2651 444 2656 .
531 2596 839 2672 conligam.
903 2597 1210 2673 Leguntur
1255 2604 1317 2657 01
1340 2599 1458 2657 alia
1490 2600 1660 2675 plura
1697 2600 1966 2658 eiusdem
1997 2600 2364 2666 Fracastorii,

373 2741 375 2743 ,
440 2697 493 2738 25
530 2704 682 2761 quae
713 2705 749 2744 a
776 2686 965 2745 doctis
984 2688 1317 2763 probantur.
1366 2688 1486 2747 Sed
1513 2688 1628 2747 alia
1658 2688 1884 2747 incedit
1913 2688 2010 2747 via
2027 2689 2364 2747 Bernardus

530 2774 820 2848 Donatus,
896 2782 957 2834 et
1017 2776 1148 2851 ipse
1214 2777 1422 2835 eodem
1497 2776 1817 2853 municipio
1892 2783 2090 2850 natus,
2156 2796 2362 2836 verum

535 2882 743 2939 parum
798 2864 945 2923 mihi
1000 2865 1129 2923 eius
1175 2884 1383 2924 versus
1439 2866 1774 2941 innotuere3
1835 2868 2114 2925 nonnulla
2175 2868 2364 2925 soluta

530 2953 791 3014 oratione
836 2953 972 3029 legi,
1020 2973 1170 3030 quae
1214 2956 1518 3013 lucernam
1561 2954 1848 3029 redolent,
1897 2955 2004 3013 sed
2049 2973 2163 3014 non
2191 2956 2365 3031 plane

528 3041 891 3117 Arpinatem.
956 3042 1279 3102 Transtulit
1314 3050 1375 3102 et
1407 3044 1504 3101 hic
1536 3044 1612 3101 de
1643 3042 1887 3103 Graecis
1914 3045 2028 3101 alia
2057 3046 2362 3120 quaedam.

439 3143 493 3183 30
528 3131 891 3207 Pomponius
914 3130 1203 3191 Graiu-icus
1227 3132 1652 3208 Neapolitanus
1681 3152 1816 3191 cum
1844 3132 2005 3210 varia
2035 3134 2365 3191 eruditione

529 3220 763 3278 libellos
810 3220 1009 3294 edidit,
1057 3228 1185 3279 tum
1213 3220 1472 3279 carmine
1500 3222 1682 3279 multa
1717 3222 2080 3298 perscripsit,
2129 3224 2365 3297 eclogas

532 3308 774 3382 scilicet,
815 3309 1037 3384 elegias
1065 3316 1126 3368 et
1159 3310 1596 3386 epigrammata,
1631 3330 1782 3387 quae
1811 3311 1922 3369 etsi
1949 3310 2365 3369 lasciviuscula

528 3417 598 3456 ac
642 3398 1015 3457 molliuscula
1061 3399 1350 3471 videntur,
1394 3417 1514 3457 non
1561 3400 1690 3458 sine
1735 3400 1908 3475 genio
1937 3407 2134 3458 tamen
2165 3400 2364 3476 aliquo

530 3493 590 3545 et
646 3486 879 3549 Venere
952 3494 1283 3547 censentur.
1394 3487 1668 3548 Vidimus
1732 3496 1793 3547 et
1854 3489 2090 3563 Egnatii
2153 3489 2364 3547 Veneti

438 3588 492 3635 35
528 3594 737 3634 versus
783 3576 1033 3637 refertos
1058 3576 1195 3635 illos
1241 3577 1484 3653 quidem
1511 3577 1708 3653 aliqua
1733 3578 1921 3653 fruge,
1970 3578 2076 3642 sed
2097 3578 2365 3637 eruditus
