2796 4185
400 1143 464 1198 [2]
605 1129 1218 1205 Diae-Renatae,
1277 1127 1685 1188 Ferrariae
1744 1133 1818 1188 et
1877 1128 2233 1188 Carnuti·

1138 1235 1482 1314 principi
1536 1241 1674 1296 etc.

647 1373 652 1378 ’
718 1373 948 1440 Nomen
991 1379 1346 1440 carminibus
1389 1380 1531 1439 licet
1573 1396 1825 1456 perenne

722 1469 918 1527 Divini
963 1469 1192 1546 pariant
1235 1469 1345 1528 sibi
1389 1474 1611 1545 poetae,

426 1571 452 1612 5
721 1557 814 1618 Ne
859 1559 1068 1617 mirere
1111 1563 1328 1632 tamen,
1373 1558 1597 1616 Renam
1639 1556 1930 1633 princePS,

720 1647 828 1716 Me,
863 1647 1122 1706 conlecta
1165 1647 1396 1706 duobus
1442 1646 1537 1705 his
1581 1645 1795 1704 libellis

720 1735 948 1795 Horum
993 1736 1230 1794 nomina
1271 1733 1536 1794 texuisse
1580 1734 1823 1810 charti83

721 1825 876 1884 Nam
920 1825 1216 1900 regalibus
1261 1829 1545 1902 occupata
1586 1821 1745 1882 curis

722 1915 870 1973 Cum
918 1915 1017 1988 εἰει,
1063 1931 1182 1972 non
1225 1920 1392 1990 potes
1438 1913 1699 1972 omnium
1743 1912 1941 1972 videre

402 2015 453 2058 10
722 2004 942 2062 Vatum
986 2003 1222 2062 nomina
1265 2009 1326 2062 et
1369 2002 1557 2062 editos
1602 2001 1845 2060 libellos,

724 2091 917 2166 Quare
961 2094 1110 2151 habe
1155 2091 1260 2151 tibi
1305 2091 1733 2169 qualecumque
1778 2108 1995 2149 munus
2088 2123 2093 2127 ·

721 2182 948 2241 Defecti
996 2182 1152 2241 senis
1197 2188 1273 2256 et,
1320 2200 1481 2257 rog0,
1527 2186 1711 2255 tuere,

721 2272 990 2348 Nequam
1035 2288 1110 2329 ne
1158 2271 1441 2330 blaterare
1486 2270 1687 2345 lingua
1731 2270 1933 2345 possit,

723 2360 874 2420 Cum
917 2366 1140 2420 tectum
1183 2360 1389 2435 aegide
1434 2359 1650 2417 viderit
1694 2358 2004 2418 Minervae.

402 2460 452 2539 is
1900 2481 2092 2541 Salve.
2119 2482 2327 2541 Lilius,

1203 2572 1525 2580 ——-——-——

403 2782 466 2836 [3]
545 2770 780 2829 Lilius
827 2769 1216 2846 Gregorius
1263 2768 1625 2845 Gyraldus
1670 2768 2267 2842 inlustrissimae,

535 2878 692 2938 diae
717 2878 1056 2952 Renatae',
1090 2876 1460 2936 Ferrariae
1500 2881 1569 2936 et
1606 2875 1901 2935 Carnuti
1941 2875 2283 2951 principi,

625 2985 952 3071 dominae
995 2984 1718 3056 observandissimae,
1766 2983 2070 3041 salutem
2116 2987 2186 3041 et

1069 3090 1498 3150 felicitatem
1544 3090 1739 3149 dicit.

401 3248 454 3289 20
624 3236 870 3312 Accipe,
931 3234 1026 3295 dia
1077 3235 1328 3308 Renata,
1387 3233 1631 3294 maximi
1684 3233 1841 3308 regis
1899 3233 2045 3305 filia,
2102 3238 2163 3294 et
2218 3233 2329 3291 hos

489 3324 640 3384 duos
675 3324 750 3383 de
775 3329 1110 3385 nostrorum
1136 3329 1471 3400 temporum
1496 3322 1682 3399 poetis
1710 3322 1987 3397 dialogos,
2024 3322 2087 3379 in
2114 3321 2328 3398 quibus

491 3411 863 3474 recensendis
917 3418 1101 3473 totam
1157 3414 1340 3473 ferme
1395 3428 1741 3489 peragrasse
1794 3411 2089 3487 Europam
2142 3408 2327 3468 videri

494 3507 710 3579 potero,
739 3521 876 3561 oum
893 3507 1084 3562 tamen
1106 3521 1140 3561 e
1157 3502 1426 3564 cubiculo
1444 3501 1655 3577 pedem
1675 3518 1977 3576 nunquam
1994 3498 2326 3571 extulerim,

491 3598 552 3651 et
603 3593 713 3651 hos
767 3591 1022 3667 quidem,
1078 3596 1145 3649 ut
1199 3591 1374 3649 simul
1419 3608 1557 3649 cum
1601 3590 1804 3648 decem
1857 3587 2003 3661 aliis,
2060 3602 2207 3664 quos
2254 3586 2328 3645 de

511 3710 612 3753 Lat.
643 3710 1074 3753 Litteraturdenkm.
1105 3710 1172 3752 10.
1971 3692 1998 3741 1
