2796 4185
443 966 470 1005 5

1032 420 1354 474 GYRALDVS,
1400 421 1475 489 oi:
1520 421 1732 464 Pomm.
2298 405 2335 462 5

516 603 580 656 et
615 617 652 658 a
689 596 943 670 Graecis,
981 597 1036 658 si
1071 597 1316 671 videtur,
1369 597 1752 675 incipiamus?
1822 599 2019 660 ‘Recte
2065 598 2339 678 quidem’,

505 685 761 762 inquam,
791 686 909 759 ‘ais,
929 687 1302 763 Antimache3
1336 687 1411 746 de
1440 685 1680 748 Graecis
1709 705 1970 763 agamuS,
1988 692 2163 764 atque
2191 687 2339 746 istae

507 781 642 835 tuae
654 781 850 854 partes
866 775 999 848 sint,
1010 781 1077 834 ut
1090 775 1191 852 qui
1204 793 1387 853 paene
1406 776 1599 835 adhuc
1610 776 1955 835 adulescens
1962 776 2022 834 in
2036 774 2339 836 Graeciam

507 865 804 940 profectus
835 864 916 923 sis
943 864 1016 923 ad
1047 865 1227 924 bonas
1258 865 1521 941 ipsorum
1552 865 1777 926 litteras
1802 866 2205 942 capessendas,
2231 883 2339 924 nec

505 952 638 1012 illas
661 971 736 1012 cx
755 953 959 1026 rivulis
977 954 1209 1027 nostrie,
1230 952 1333 1013 sed
1351 972 1430 1014 ex
1456 954 1585 1030 ipso
1600 954 1913 1027 Permessi,
1942 960 2009 1014 ut
2026 954 2112 1016 sic
2130 954 2339 1027 dicam,

412 1052 482 1107 18]
552 1042 792 1101 flumine
825 1042 1073 1116 haurire,
1102 1046 1162 1101 et
1188 1061 1304 1101 non
1333 1043 1526 1101 solum
1553 1036 1560 1126 Ι
1587 1061 1664 1102 ex
1696 1061 1766 1102 eo
1794 1043 2005 1118 bibisti,
2035 1043 2139 1102 sed
2161 1043 2338 1102 etiam

419 1411 473 1452 10

411 3190 472 3235 :30

505 1137 694 1190 totum
726 1137 787 1190 te
823 1131 1108 1208 pmluisti‚
1155 1137 1222 1192 ut
1255 1149 1372 1192 non
1404 1132 1577 1192 modo
1608 1133 1881 1206 carmine,
1929 1132 2033 1192 sed
2064 1137 2124 1192 et
2151 1132 2339 1192 soluta

508 1220 763 1280 oratione
806 1220 955 1296 ipsis
998 1218 1240 1282 Graecis
1283 1221 1543 1297 aequalis
1574 1221 1849 1294 masei-ie,
1897 1227 1961 1288 ut
1993 1221 2340 1298 multiplicia

507 1315 609 1370 tua
637 1308 854 1385 scripta
880 1310 1284 1385 manifestuum
1320 1309 1425 1377 sed
1456 1316 1517 1370 et-
1546 1310 1868 1378 vemaculo,
1884 1328 2117 1387 quoque
2138 1328 2338 1370 corum

511 1415 779 1458 sermone
825 1398 1114 1474 intrepide
1149 1399 1425 1475 loquaris.
1454 1457 1459 1462 ,
1490 1397 1857 1476 Quapmpter,
1884 1399 2011 1460 ime
2038 1404 2102 1463 et
2133 1399 2339 1458 merito

508 1486 614 1546 tibi
657 1487 732 1546 de
779 1485 1018 1549 Graecis
1061 1487 1356 1562 agendum
1377 1531 1384 1540 .
1402 1487 1528 1556 est?
1620 1488 1786 1548 Tunc
1829 1488 2231 1558 Antimachus.
2258 1488 2338 1546 ita

508 1575 837 1651 respondit:
886 1575 1021 1638 ‘Sed
1061 1594 1172 1636 cur
1215 1593 1332 1638 non
1376 1577 1572 1653 potius
1617 1577 1747 1641 hae,
1768 1583 1966 1653 partes
1997 1577 2137 1643 huic
2162 1577 2339 1653 Rorto

510 1662 730 1724 Graeco
783 1664 1124 1738 deferimus⁷
1179 1665 1282 1742 qui
1335 1666 1639 1726 commode
1691 1683 1833 1734 suos
1884 1683 2234 1738 enuummne.
2262 1671 2339 1739 *et

509 1754 724 1812 referte
768 1753 958 1830 possit
968 1753 1014 1814 P’
1076 1753 1192 1814 Hic
1235 1771 1374 1816 vero
1419 1755 1635 1814 Portus
1677 1760 1916 1832 propter
1957 1754 2337 1822 ieverentiam

445 1854 471 1894 ὃ
513 1842 758 1902 senioris
783 1842 1120 1904 Antimachi
1161 1849 1222 1902 et
1247 1843 1657 1904 verecundiam
1686 1843 1849 1904 istud
1878 1863 1915 1904 a
1946 1861 2011 1910 se
2038 1843 2340 1920 depmoari

507 1932 712 2007 coepit,
735 1937 818 2005 ut,
837 1931 996 2008 quod
1011 1949 1217 1992 omnes
1231 1931 1682 2005 adsentirentur,
1697 1932 1773 1992 de
1786 1931 2025 1994 Gmecis
2043 1933 2338 1994 veteribus

505 2021 894 2081 Antimachus
935 2020 1066 2098 ipse
1109 2021 1439 2082 dissereret.
1486 2020 1655 2096 Quod
1700 2040 1838 2084 cum
1881 2039 2114 2082 mecum
2143 2022 2338 2082 visum

507 2110 716 2173 fuisset
760 2111 1044 2178 omnibus
1069 2128 1338 2188 aequum,
1387 2110 1523 2171 ‘Sed
1552 2111 1761 2185 dicam,
1808 2116 1875 2171 ut
1903 2111 2119 2184 vultis’‚
2149 2112 2341 2188 inquit

506 2200 912 2273 AntimachuS‚
971 2202 1049 2259 ‘at
1092 2218 1230 2261 vero
1271 2216 1360 2265 .ne
1414 2200 1731 2274 videamur,
1788 2201 1945 2277 quod
2004 2201 2121 2261 dici
2174 2201 2338 2275 solet,

507 2290 657 2349 facta
719 2290 912 2349 facem
969 2294 1029 2349 et
1087 2289 1206 2351 iam
1249 2289 1423 2355 ‘diota
1480 2289 1699 2362 dicere,
1760 2290 1877 2349 huc
1932 2289 2148 2351 adferri
2203 2290 2338 2349 iube

509 2395 685 2455 quem
713 2378 1112 2455 superioribus
1141 2378 1311 2439 annis
1341 2378 1417 2437 de
1440 2379 1553 2441 hac
1580 2378 1710 2455 ipsa
1728 2378 1935 2439 eadem
1950 2396 2015 2439 re
2040 2378 2337 2454 dialogum

509 2467 827 2539 confecisti,
856 2472 923 2525 ut
949 2483 1098 2543 quos
1127 2484 1471 2543 enumerare
1500 2467 1825 2540 conveniat,
1855 2484 2339 2529 connumeremus

509 2574 578 2615 ac
607 2574 682 2615 ne
713 2556 806 2615 bis
833 2556 1086 2618 eundem
1102 2562 1364 2633 repetere
1381 2556 1720 2619 videamur?
1752 2557 1965 2623 ffleete
1980 2561 2048 2617 tu
2064 2556 2338 2633 quidem'‚

507 2644 763 2721 inquam,
820 2645 1229 2720 ‘Antimacho’3
1288 2650 1350 2707 et
1402 2645 1580 2705 simul
1634 2646 1821 2704 accito
1874 2663 2083 2721 puero:
2144 2646 2337 2719 ίΑιῐὶθε,

443 2758 472 2787 o
508 2752 672 2810 puer,
717 2752 794 2793 ex
842 2734 1076 2795 schedis
1119 2734 1284 2795 adfer
1327 2735 1445 2795 huc
1472 2752 1653 2811 quem
1676 2734 1821 2795 dicit
1848 2734 2145 2810 dialogum
2172 2735 2338 2795 Anti-

507 2824 752 2883 machus
807 2823 1018 2900 (neque
1061 2823 1220 2885 enim
1264 2823 1459 2883 adhuc
1502 2830 1594 2883 est
1637 2823 1704 2885 in⁴
1730 2824 2115 2885 macrocolum
2148 2829 2337 2887 trans-

506 2911 682 2989 latus)
727 2918 788 2971 et
831 2911 1000 2971 illum
1044 2912 1282 2988 perlege
1325 2912 1445 2973 alta
1486 2918 1547 2973 et
1590 2912 1749 2975 clara
1781 2930 1921 2975 voce
1962 2931 2035 2972 ac
2064 2912 2338 2974 distincte

507 3018 633 3074 nec,
682 3006 748 3061 ut
779 3001 948 3073 soleS,
982 2995 1270 3077 τραύλιζε
1327 3006 1388 3061 et
1418 3019 1579 3073 cave,
1622 3007 1841 3077 quanto
1870 3002 2125 3078 amplius
2155 3007 2337 3077 poteS,

506 3108 541 3147 a
584 3094 686 3149 tuo
741 3089 1135 3167 cappacismo,
1197 3090 1299 3151 sed
1359 3090 1633 3166 expedite
1693 3091 2003 3167 pronuntia
2018 3091 2052 3149 !'
2127 3091 2337 3151 Adlato

505 3178 687 3255 igitur
729 3178 925 3239 libello
971 3180 1058 3239 sic
1102 3197 1249 3255 puer
1291 3196 1539 3241 exorsus
1583 3184 1689 3241 est.
2065 3210 2093 3235 .-
