2796 4185
426 361 517 423 92
1034 381 1357 436 cranmvs,
1403 378 1478 420 ms:
1523 380 1737 420 Pon-ns.

518 558 611 616 Ita
665 575 871 617 censes
884 603 897 630 ,
947 557 1320 632 Antimache,
1376 575 1600 634 vosque
1655 557 1875 616 ceteri?
1889 557 1904 584 '
1964 557 2132 615 Tunc
2185 557 2353 615 nobis

521 647 791 705 omnibus
862 647 1063 705 Riccio
1135 647 1531 706 adnuentibus
1603 646 1841 705 Riccius
1913 645 1996 705 iia
2059 645 2350 705 subdidit:

522 735 859 794 ‘Federicus
924 736 1135 795 Scotus
1200 741 1262 794 et
1330 735 1708 795 Constantius
1773 735 2014 794 Landus
2027 781 2042 808 ,
2107 735 2352 794 comites

518 824 873 898 Placentini,
935 843 1171 883 omnem
1226 843 1394 883 suam
1429 824 1745 901 pueritiam
1790 829 1851 883 et
1893 823 2354 883 adulescentiam
2371 891 2384 912 .

448 925 484 968 5
519 913 582 972 in
627 913 1004 972 humanitatis
1051 914 1261 972 studiis
1290 932 1362 972 ac
1387 915 1648 972 maxime
1674 913 1737 970 in
1760 913 1993 990 poetic-a
2020 931 2352 986 exercuere,

521 1002 679 1080 quod
717 1021 922 1061 eorum
959 1008 1255 1061 testantur
1284 1002 1544 1061 carmina
1575 1002 1732 1061 edita
1755 1002 2016 1078 itemque
2044 1001 2351 1061 orationes

521 1091 641 1150 Sed
695 1108 836 1149 mox
880 1093 1075 1165 ambo,
1132 1109 1269 1149 cum
1312 1089 1594 1167 discipuli
1635 1090 1835 1167 magni
1879 1091 2091 1149 Alciati
2135 1096 2352 1165 essent,

523 1198 589 1238 se
647 1180 723 1238 ad
778 1181 973 1238 studia
1026 1181 1231 1256 legum
1289 1186 1351 1239 et
1403 1181 1548 1238 iuris
1604 1180 1878 1256 peritiam
1923 1185 2353 1252 converterunt,

520 1287 637 1326 non
681 1275 750 1327 ut
793 1270 1058 1328 forenses
1104 1287 1313 1328 causas
1371 1274 1441 1328 ut
1492 1269 1714 1344 legulei
1765 1268 2074 1328 actitarent
2118 1270 2218 1328 vel
2259 1269 2354 1327 ius

422 1369 487 1411 10
522 1357 809 1431 dicerent,
876 1358 981 1416 sed
1038 1363 1107 1417 ut
1166 1359 1518 1434 elegantiam
1575 1377 1646 1417 ac
1704 1357 2030 1416 doctrinam
2087 1363 2354 1416 veterum

519 1446 581 1504 in
611 1446 819 1522 primis
848 1447 994 1505 iuris
1023 1447 1422 1506 consultorum
1451 1448 1798 1506 adnotarent
1823 1453 1885 1506 et
1911 1447 2353 1518 admirarentur,

519 1535 580 1592 id
645 1536 803 1612 quod
866 1555 1072 1595 eorum
1144 1533 1432 1613 quaedam
1498 1536 1936 1609 adnotamenta,
2002 1553 2150 1612 quae
2208 1535 2354 1594 mihi

520 1625 832 1701 aliquando
860 1625 1182 1699 ostendere,
1213 1625 1384 1684 facile
1405 1625 1722 1684 declarant.
1777 1625 2002 1683 Vivunt
2027 1631 2089 1683 et
2115 1624 2353 1683 cottidie

520 1714 583 1771 in
656 1714 821 1772 bonis
893 1713 1107 1773 litteris
1166 1720 1482 1773 versantur
1552 1719 1997 1792 praeceptorem
2061 1713 2356 1772 Alciatum

423 1815 485 1856 15
519 1803 896 1877 aemulanteS,
926 1804 1026 1880 qui
1056 1809 1117 1863 et
1145 1804 1277 1879 ipse
1306 1809 1506 1880 potest
1531 1803 1689 1862 inter
1705 1809 2012 1879 poetarum
2040 1803 2354 1878 collegium

520 1897 581 1970 et
626 1892 986 1950 consortium
1030 1893 1257 1971 reponi,
1314 1909 1382 1951 eo
1439 1892 1598 1968 quod
1644 1893 1771 1951 eius
1818 1895 2055 1951 exstant
2099 1891 2355 1950 carmina

522 1981 777 2056 plurima
821 1980 1075 2040 diversis
1119 1982 1185 2040 in
1228 1981 1472 2040 urbibus
1518 1981 1635 2040 iam
1679 1981 1983 2057 impressa,
2032 1980 2185 2040 sicut
2217 1986 2356 2038 sunt

422 2080 547 2136 1104]
602 2069 1025 2147 epigrammata
1079 2075 1139 2129 et
1191 2071 1556 2130 emblemata.
1648 2070 1738 2129 De
1794 2071 1904 2129 hoc
1959 2069 2115 2130 enim
2157 2066 2164 2151 Ι
2205 2069 2355 2130 illud

520 2159 832 2218 verissime
903 2159 1022 2218 dici
1093 2165 1315 2235 potest,
1391 2160 1549 2237 quod
1625 2166 1717 2219 est
1789 2159 1947 2236 apud
2012 2158 2354 2218 Ciceronem

422 2258 487 2301 20
524 2248 599 2306 de
662 2248 973 2307 Scaevola:
1038 2248 1185 2307 iuris
1249 2249 1574 2325 peritorum
1636 2247 2176 2325 eloquentissimus,
2236 2249 2353 2306 elo-

520 2336 830 2413 quentium
900 2337 1049 2395 iuris
1125 2338 1539 2413 peritissimus.
1647 2338 1879 2396 Addam
1951 2344 2013 2396 et
2083 2352 2222 2413 ego:
2295 2342 2355 2396 et

522 2425 854 2501 polyhistor
916 2427 1221 2503 bonusque
1282 2432 1479 2503 poeta,
1556 2427 1714 2503 quod
1775 2431 1974 2485 tamen
2033 2426 2356 2484 multorum

520 2514 767 2572 aliorum
828 2515 997 2573 venia
1052 2521 1113 2574 et
1173 2534 1319 2591 pace
1380 2516 1605 2574 dictum
1661 2515 1868 2590 velim,
1938 2520 2007 2574 ut
2056 2514 2352 2573 Lamiredi

522 2601 712 2681 Gypsi
739 2602 1047 2679 LugensiS,
1094 2604 1415 2663 consiliarii
1451 2610 1512 2663 et
1542 2604 1823 2680 praefecti
1852 2603 2140 2682 praetorio
2168 2603 2355 2661 nostri

422 2703 485 2745 25
522 2692 825 2770 principiS,
852 2698 914 2752 et
931 2692 1096 2752 Laeli
1110 2693 1391 2753 Taurellii
1409 2694 1708 2767 FanensiS,
1738 2693 2019 2769 principis
2037 2692 2354 2751 Florentim'

520 2781 667 2839 iuris
688 2781 957 2855 consulti,
977 2787 1037 2841 et
1045 2782 1280 2841 Antonii
1300 2782 1617 2857 Augustini
1631 2782 1898 2858 Hispani,
1918 2780 2356 2840 duodecemviri

521 2876 680 2929 rotae
717 2876 783 2928 ut
824 2870 1039 2929 dicitur
1074 2870 1446 2947 apostolicae,
1493 2876 1554 2929 et
1587 2872 1774 2930 nostri
1800 2870 2088 2930 Ludovici
2119 2870 2354 2929 Catonis

504 2958 913 3038 aliorumque,
974 2960 1076 3035 qui
1122 2960 1459 3036 eloquentia
1503 2965 1563 3019 et
1606 2960 1785 3018 variis
1831 2959 2162 3038 disciplinis
2206 2958 2355 3017 iuris

522 3048 830 3107 scientiam
876 3066 1161 3107 exornare
1205 3067 1323 3107 non
1362 3054 1614 3108 cessant.
1679 3048 1798 3108 Sed
1831 3054 2034 3107 nostra
2060 3066 2355 3107 commen-

420 3148 485 3190 30
522 3136 751 3195 datione
810 3154 925 3195 non
978 3138 1207 3213 indiget
1260 3138 1554 3211 AlciatuS,
1615 3138 1718 3213 qui
1774 3136 1899 3195 suis
1953 3136 2190 3213 scriptis
2235 3136 2354 3195 iam

520 3226 631 3285 toti
703 3225 828 3285 orbi
900 3226 1187 3285 inlustris.
1246 3226 1306 3285 et
1369 3227 1566 3285 clarus
1638 3227 1902 3285 habetur.
2006 3225 2352 3285 Franciscus

520 3312 858 3373 Lavisinius
895 3314 1205 3374 Vtinensis
1264 3315 1496 3373 iuvenis
1551 3321 1645 3373 est
1688 3316 1764 3373 ad
1809 3315 2098 3391 poeticam
2145 3320 2354 3390 suapte

520 3410 728 3462 natura
772 3410 832 3463 et
878 3404 1069 3463 studio
1115 3404 1374 3463 maxime
1419 3421 1766 3480 propensuS,
1813 3404 1888 3463 de
1933 3422 2065 3481 quc,
2111 3410 2180 3462 ut
2224 3404 2354 3462 eius

521 3492 839 3551 ostendunt
884 3492 1158 3565 carmina,
1203 3510 1353 3569 quae
1398 3498 1461 3551 et
1491 3494 1566 3551 ad
1595 3512 1703 3566 me,
1743 3499 1804 3551 et
1825 3492 2132 3567 Eridanus,
2177 3510 2355 3569 quem

415 3592 484 3632 ‘35
522 3580 757 3639 domino
790 3580 1032 3639 Herculi
1078 3586 1275 3639 nostro
1322 3581 1578 3657 principi
1603 3581 1766 3639 misit
1793 3581 1868 3639 de
1895 3581 2119 3657 nuptiis
2151 3581 2354 3639 Annae
