2796 4185
1037 405 1360 461 GYRAans,
1408 407 1481 445 DE
1528 405 1738 447 rol-ms.
2261 389 2337 447 31

517 582 708 641 soluta
766 583 1020 642 oratione
1077 583 1357 659 religione
1412 588 1473 641 et
1526 601 1667 642 cura
1725 583 1923 642 utitur.
2013 583 2143 642 Non
2202 584 2345 642 adeo

513 689 780 730 morosus
843 676 935 730 est
1015 671 1206 731 iunior
1267 672 1579 748 Philippus
1642 672 1965 731 Beroaldus
2051 677 2110 731 et
2171 672 2345 747 longe

512 760 715 820 melior
768 766 938 837 poeta
1006 779 1184 837 quam
1231 761 1539 838 Philippus
1584 760 1905 820 Beroaldus
1953 761 2185 836 senior,
2243 762 2343 838 qui

432 883 435 886 -
513 856 574 908 et
615 850 744 926 ipse
791 867 996 908 versus
1043 850 1301 926 scripsit,
1347 851 1450 926 qui
1495 855 1555 909 et
1598 850 1821 928 passim
1865 849 2156 926 leguntur.
2228 849 2342 910 Sed

451 952 477 992 5
518 950 606 1004 [37]
644 939 718 996 de
754 939 865 997 hoc
909 938 1054 996 nihil
1102 957 1239 996 sane
1285 939 1396 997 nisi
1441 937 1447 1018 Ι
1489 939 1697 998 miram
1734 939 1985 997 hominis
2012 938 2341 998 facilitatem

511 1045 694 1102 paene
747 1027 979 1102 ingenio
1025 1031 1083 1085 et
1127 1027 1339 1086 iudicio
1394 1027 1733 1086 destitutam
1788 1027 2015 1087 adferre
2068 1045 2341 1104 possum3

510 1115 895 1192 praestitisset
939 1115 1039 1175 ille
1079 1115 1298 1192 aliquid
1326 1117 1390 1174 in
1426 1116 1759 1193 phalaeciis,
1806 1117 1855 1176 si
1884 1117 1993 1175 sibi
2020 1122 2345 1193 temperare

513 1223 689 1280 quam
722 1205 1026 1280 indulgere
1053 1205 1371 1264 maluisset.
1432 1207 1511 1264 At
1540 1205 1731 1263 iunior
1756 1205 2077 1265 Beroaldus
2109 1204 2344 1282 promp-

513 1299 634 1352 tam
679 1312 748 1352 ac
792 1300 1055 1370 paratam
1101 1295 1276 1354 habet
1321 1295 1537 1371 ubique
1570 1295 1923 1354 facultatem.
1998 1294 2117 1354 Sed
2143 1294 2344 1370 lyricis

425 1396 476 1434 10
512 1383 612 1441 ille
657 1383 846 1459 magis
893 1403 1069 1460 quam
1131 1384 1244 1442 alio
1291 1383 1581 1443 scribendi
1626 1402 1839 1460 genere
1884 1383 2221 1455 delectatur,
2268 1403 2342 1443 ex

512 1472 724 1548 quibus
769 1479 828 1532 et
871 1473 1103 1532 laudem
1149 1473 1506 1549 adsequitur,
1552 1472 1785 1532 tametsi
1829 1473 1889 1530 in
1931 1473 2024 1531 his
2052 1473 2344 1532 interdum

511 1561 620 1620 sibi
666 1579 782 1619 non
819 1562 964 1620 nihil
1008 1562 1312 1637 indulgere
1357 1562 1639 1636 videatur,
1666 1561 1727 1620 id
1758 1561 1915 1638 quod
1946 1567 2005 1620 et
2036 1562 2343 1636 Horatium

511 1651 783 1709 Flaccum
820 1651 1029 1709 fecisse
1057 1651 1186 1709 vult-
1212 1651 1439 1724 Fabius,
1486 1669 1658 1726 quem
1699 1652 1809 1709 hac
1838 1650 1899 1707 in
1926 1657 2090 1726 parte
2116 1650 2344 1709 imitan-

509 1739 652 1798 dum
699 1739 806 1798 sibi
852 1739 1169 1815 proposuit.
1229 1739 1343 1798 Hic
1386 1744 1447 1798 et
1491 1739 1767 1798 iambicos
1794 1745 1853 1797 et
1878 1739 2139 1798 hendeca
2167 1739 2343 1814 sylla-

423 1841 472 1880 15
512 1829 616 1886 bos
660 1829 973 1904 elegosque
1018 1829 1344 1905 composuit
1388 1828 1665 1900 omnium,
1713 1834 1780 1886 ut
1810 1822 1941 1887 mea
1976 1829 2089 1886 fert
2134 1829 2341 1905 opini0‚

512 1935 646 1975 cum
711 1924 879 1976 vacat
893 1961 907 1990 ,
971 1917 1216 1976 lectione
1280 1917 1505 1995 dignos.
1604 1916 1802 1976 Edidit
1863 1923 1922 1976 et
1985 1916 2167 1991 lyrica
2230 1936 2343 1976 non

509 2024 717 2081 parum
765 2006 948 2064 multa
974 2007 1222 2065 Ioannes
1248 2006 1523 2064 Aurelius
1549 2006 1909 2081 Augurellus
1936 2006 2341 2080 AriminensiS,

507 2096 569 2153 in
629 2097 840 2172 quibus
903 2097 1208 2156 adsiduam
1272 2096 1500 2155 Horatii
1570 2096 1879 2155 lectionem
1941 2096 2341 2171 agnoscimus3

510 2204 685 2261 quam
730 2204 869 2243 vero
913 2192 1145 2259 exacte,
1202 2186 1366 2244 vobis
1424 2203 1538 2243 non
1594 2185 1800 2244 dicam.
1891 2185 2058 2244 Idem
2104 2186 2241 2244 facit
2286 2191 2344 2244 et

421 2286 474 2325 2⁰
509 2274 570 2331 in
605 2274 839 2351 ceteris3
887 2274 1033 2333 mihi
1059 2275 1258 2333 nescio
1286 2292 1403 2351 quo
1430 2281 1599 2350 pacto
1626 2274 1815 2349 magis
1842 2274 2060 2351 aliquid
2089 2280 2344 2351 praestat

511 2362 571 2421 in
638 2363 912 2435 mediocri
976 2363 1075 2422 illo
1136 2363 1368 2421 dicendi
1433 2382 1669 2438 genere,
1735 2364 1889 2439 quod
1954 2363 2341 2422 didascalicon

509 2452 871 2526 grammatici
912 2458 1146 2531 vocant,
1194 2471 1309 2528 quo
1353 2453 1415 2510 in
1472 2452 1865 2528 Chrysopoeia
1910 2470 2055 2511 usus
2119 2458 2234 2525 est,
2282 2452 2341 2509 in

511 2560 626 2616 qua
680 2547 834 2599 certe
889 2560 1004 2599 non
1059 2542 1409 2600 mediocrem
1462 2541 1697 2599 landem
1752 2544 2032 2615 meretur,
2092 2560 2228 2600 cum
2282 2541 2341 2597 in

509 2636 632 2687 tam
696 2629 920 2689 difficili
982 2636 1041 2689 et
1105 2630 1288 2689 sterili
1349 2630 1589 2689 materia
1654 2637 1771 2688 tam
1834 2630 2073 2705 egregie
2133 2630 2343 2705 pedem

417 2729 474 2770 ‘25
511 2719 736 2779 extulit.
797 2719 1026 2795 Dignus
1073 2721 1329 2796 profecto
1385 2721 1601 2793 fuerat,
1658 2725 1723 2777 ut
1770 2719 1924 2795 quod
1971 2727 2093 2777 tam
2138 2718 2342 2777 sedulo

509 2811 568 2865 et
612 2808 784 2867 anxie
829 2810 1158 2885 quaerebat,
1203 2809 1507 2881 inveniret,
1562 2808 1623 2866 id
1669 2808 1825 2885 quod
1870 2814 2081 2875 tamen,
2130 2808 2181 2865 si
2228 2826 2341 2866 non

509 2898 790 2955 mentitur
851 2898 1007 2974 ipse,
1081 2898 1326 2971 triennio
1400 2898 1715 2956 adsecutus
1777 2904 1883 2955 est.
1990 2896 2211 2970 Senex,
2251 2903 2342 2956 'ut

508 2986 727 3059 audivi,
795 2986 1042 3045 Tarvisii
1101 2987 1317 3046 interiit
1374 2987 1436 3045 in
1496 2987 1733 3045 taberna
1792 2986 2025 3054 libraria
2086 2986 2341 3045 Venetiis

508 3073 608 3132 diu
654 3075 1008 3148 diversatuS,
1072 3076 1169 3134 ubi
1223 3081 1283 3135 et
1339 3076 1561 3135 nobiles
1616 3075 2017 3135 adulescentes
2073 3076 2340 3148 instituit,

418 3175 472 3215 30
511 3162 824 3237 Bembum,
889 3164 1282 3240 Naugerium,
1357 3166 1769 3241 Lipomanum,
1834 3165 1978 3223 alios
2042 3165 2340 3241 plurimos,

506 3252 640 3311 Fuit
693 3260 754 3312 et
797 3254 1083 3313 Zenobius
1128 3255 1456 3313 Acciaiolus
1510 3254 1855 3313 adulescens
1910 3261 2079 3329 poeta
2126 3254 2337 3329 bonus3

507 3359 575 3400 ea
620 3342 776 3400 enim
821 3348 1008 3402 aetate
1046 3343 1326 3419 pleraque
1353 3350 1561 3418 argute
1589 3349 1648 3401 et
1674 3344 1971 3418 eleganter
1998 3342 2337 3418 composuit,

385 3484 390 3487 .
506 3430 619 3489 alia
646 3449 679 3490 e
712 3430 932 3490 Graeco
977 3432 1221 3491 feliciter
1250 3433 1457 3491 Latine
1501 3432 1689 3504 vertit,
1737 3432 1912 3506 digna
1958 3431 2057 3489 illa
2086 3431 2337 3507 quidem,

507 3525 572 3577 nt
627 3538 695 3578 ea
751 3538 888 3579 cum
943 3540 1082 3580 cura
1127 3521 1350 3597 legatis
1426 3511 1647 3579 Verum
1710 3540 1848 3579 mox
1908 3526 2129 3579 mutato
2188 3520 2338 3579 vitae

415 3619 470 3659 35
532 3620 616 3673 [as]
654 3608 922 3671 instituto
943 3613 1198 3669 sectatus
1219 3606 1515 3693 Hierony-l
1536 3610 1614 3667 mi
1636 3608 2020 3669 Savonarolae
2039 3609 2339 3667 sanctioris
