2796 4185
462 419 547 478 38
1074 437 1398 491 emsmvs,
1445 437 1520 476 nr:
1565 437 1777 477 rom-Is,

550 631 703 690 quae
762 619 823 673 et
884 615 1161 690 argutula
1220 622 1284 673 et
1345 621 1509 674 casta
1571 621 1710 673 sunt
1773 633 1884 673 nec
1947 615 2146 672 minus
2177 633 2384 690 ‚quam

551 704 921 779 superiorum
964 705 1221 762 lectione
1266 704 1462 780 digna.
1527 703 1646 762 Sed
1691 703 1978 780 numquid
2005 703 2386 762 Franciscum

550 792 947 867 Sphaerulum
1004 793 1339 852 Camertem
1398 799 1760 870 praeteream
1775 795 1805 850 ἵ)
1895 791 2010 865 Qui
2064 793 2382 866 elegiarum

548 881 730 939 libros
794 881 870 941 (le
931 900 1129 941 amore
1192 883 1512 957 coniugali,
1577 883 2000 957 epigiammata
2043 888 2105 939 et
2165 881 2387 955 lyricos

488 983 516 1022 ῡ
552 987 763 1028 versus
808 972 1141 1047 composuit
1200 977 1277 1044 et,
1324 990 1476 1048 quae
1523 972 1868 1046 imperfecta
1910 971 1986 1028 ad
2029 971 2184 1028 hanc
2227 970 2384 1028 diem

552 1059 726 1117 habet
770 1059 831 1116 in
890 1078 1094 1132 manu,
1157 1060 1428 1118 Caesaris
1471 1059 1724 1134 Borgiae
1767 1059 2066 1118 Valentini
2113 1065 2284 1133 gesta
2327 1064 2388 1117 et

550 1148 875 1206 Alexandri
922 1149 1042 1220 VI„
1088 1149 1231 1207 item
1278 1149 1535 1207 hominis
1585 1148 1984 1206 institutiones
2029 1149 2104 1206 ab
2147 1148 2388 1205 infantia

554 1243 614 1294 et
660 1238 881 1310 matris,
928 1245 995 1296 ut
1037 1238 1121 1296 ait
1158 1238 1443 1310 Lucilius,
1479 1239 1661 1312 bulga
1704 1238 1779 1296 ad
1810 1239 2010 1314 ipsum
2037 1255 2227 1312 usque
2253 1241 2388 1312 post

552 1331 798 1383 mortem
846 1331 1081 1406 statum,
1128 1328 1285 1404 quod
1334 1345 1485 1404 opus
1531 1327 1633 1385 ille
1653 1326 1878 1385 Graeca
1907 1345 2050 1384 voce
2075 1326 2388 1401 anthropo-

464 1425 517 1465 10
582 1425 667 1478 {511
731 1416 977 1491 gmphia
1030 1417 1127 1474 vel
1186 1417 1582 1493 andropaedia
1621 1414 1629 1488 Ι
1670 1416 1955 1474 inscribit.
2029 1415 2148 1473 Sed
2201 1415 2388 1472 durus

552 1503 649 1560 hic
695 1510 756 1562 et
800 1503 895 1562 sui
940 1505 1144 1563 iudicii
1188 1506 1426 1582 ubique.
1495 1508 1570 1564 At
1613 1505 1975 1564 Benedictus
2011 1504 2388 1581 Lampridius

556 1591 968 1652 Cremonensis
1014 1613 1131 1652 non
1176 1595 1602 1670 epigrammata
1645 1595 1819 1652 modo
1865 1595 1972 1652 sed
2011 1593 2140 1669 ipse
2167 1593 2388 1666 lyricos

552 1697 762 1739 versus
790 1682 947 1754 facit,
981 1684 1195 1758 quibus
1224 1684 1288 1741 in
1315 1684 1526 1759 primis
1545 1684 1867 1742 Pindarum
1885 1701 2022 1740 cum
2049 1683 2388 1740 inventione

551 1777 681 1828 tum
727 1771 931 1846 phrasi
974 1773 1259 1830 aemulari
1306 1773 1545 1848 nititur3
1594 1772 1754 1830 idem
1801 1777 1862 1829 et
1891 1770 2116 1829 Graeca
2149 1789 2388 1844 aggres-

467 1871 515 1911 17»
554 1877 657 1917 sus
714 1866 807 1918 est
874 1860 1090 1936 dignus
1156 1867 1317 1920 certe
1380 1863 1479 1920 vel
1543 1867 1704 1920 tanto
1766 1879 1916 1919 ausu
1929 1905 1943 1933 ,
2001 1879 2038 1918 a
2099 1878 2217 1936 quo
2281 1877 2388 1916 nos

553 1949 815 2007 deterret
860 1949 1164 2023 Horatius,
1228 1950 1641 2009 commendari.
1731 1950 1920 2008 Extra
1983 1947 2266 2006 Graecam
2330 1955 2390 2006 et

553 2038 821 2097 Latinam
868 2039 1273 2112 eruditionem,
1328 2059 1446 2117 qua
1491 2041 1746 2099 multum
1791 2039 1949 2097 valet
1993 2037 2388 2114 LampridiUS,

552 2128 826 2202 ingenuis
891 2147 1124 2205 quoque
1189 2136 1280 2188 est
1344 2130 1633 2205 moribus3
1699 2128 1915 2205 quibus
1979 2128 2251 2185 omnibus
2313 2127 2388 2185 de

552 2218 729 2275 rebus
774 2236 810 2275 a
854 2236 967 2291 me,
1014 2224 1082 2276 ut
1127 2219 1316 2291 scitis,
1361 2225 1592 2277 amatur
1635 2218 1959 2294 plurimum
2003 2218 2076 2275 ab
2121 2216 2388 2292 aliisque,

463 2316 517 2357 2⁰
555 2305 657 2381 qui
702 2324 816 2363 non
862 2306 1049 2365 livore
1094 2312 1337 2365 tument
1411 2308 1490 2365 Et
1541 2308 1800 2367 Lazarus
1845 2305 2202 2365 Bonamicus
2247 2306 2390 2363 Bas-

555 2395 747 2453 sianas
793 2395 1213 2454 Foroiuliensis
1259 2414 1469 2454 versus
1528 2396 1840 2473 aliquando
1901 2396 2070 2470 facit,
2133 2393 2390 2452 ostendit

552 2484 655 2541 ille
701 2484 844 2542 mihi
893 2485 1317 2560 epigranunata
1370 2491 1433 2543 et
1491 2486 1710 2559 elegias
1755 2492 1824 2543 ut
1875 2502 1992 2542 non
2046 2485 2263 2542 multas
2309 2483 2390 2540 ita

553 2578 743 2631 castas
789 2578 848 2631 et
893 2574 1189 2646 candidas,
1235 2573 1429 2650 qualis
1477 2575 1700 2632 scilicet
1746 2580 1838 2632 est
1884 2574 2137 2631 hominis
2183 2578 2390 2630 natura

555 2667 615 2719 et
660 2680 879 2736 moreS,
942 2663 1050 2721 sed
1110 2669 1171 2721 et
1229 2663 1516 2738 epistulas
1577 2663 1834 2721 carmine
1879 2662 2198 2721 Horatiano
2257 2679 2390 2737 per-

463 2760 517 2803 25,
554 2751 774 2810 scribit.
867 2752 1086 2810 Severa
1130 2752 1300 2809 illum
1346 2752 1754 2828 philosophiae
1810 2751 2004 2809 studia
2057 2750 2390 2809 interiores-

554 2858 669 2915 que
730 2840 958 2899 litterae
1017 2841 1207 2916 magis
1267 2840 1554 2913 detinent,
1616 2840 1675 2897 in
1733 2840 1948 2916 quibus
2007 2845 2198 2898 tantos
2257 2858 2390 2914 pro-

556 2946 763 2988 cessus
826 2930 993 3002 facit,
1059 2936 1126 2988 ut
1188 2935 1323 2988 ante
1387 2947 1453 2987 se
1525 2946 1743 3004 paucos
1815 2930 2033 2987 habere
2105 2928 2387 2986 videatur.

553 3018 767 3077 Petrus
814 3018 1179 3091 Valerianus,
1228 3025 1289 3077 et
1331 3018 1466 3093 ipse
1509 3018 1955 3089 ForoiuliensiS,
2001 3017 2105 3093 qui
2151 3036 2216 3075 se
2261 3017 2390 3092 ipse

554 3107 870 3183 adoptavit,
917 3114 978 3166 at
1023 3108 1099 3165 de
1144 3108 1318 3166 Petro
1346 3107 1607 3165 Pierium
1656 3125 1738 3165 se*
1762 3107 1922 3180 fecit,
1945 3106 2177 3163 iuvenis
2205 3106 2390 3162 multa
2439 3110 2446 3118 '

464 3208 519 3247 3⁰
555 3195 877 3254 carminum
940 3197 1237 3255 volumina
1302 3196 1506 3269 edidit,
1570 3196 1757 3254 multa
1829 3194 2170 3270 supprimit,
2234 3210 2390 3251 nunc

556 3285 853 3361 pressiore
899 3286 1052 3360 pede
1098 3284 1335 3343 incedit.
1428 3285 1676 3342 Multam
1723 3289 1882 3342 certe
1927 3283 2148 3359 ubique
2195 3281 2390 3340 erudi-

554 3374 773 3431 tionem
843 3379 1095 3432 ostentat
1157 3380 1217 3432 et
1274 3374 1474 3433 abdita
1519 3379 1593 3431 ·et
1655 3392 1864 3449 parum
1927 3378 2065 3430 nota
2127 3372 2389 3443 rimatur,

555 3462 636 3520 ita
682 3468 748 3520 ut
795 3481 989 3521 sacras
1038 3463 1213 3521 etiam
1241 3462 1675 3538 Aegyptiorum
1721 3462 1948 3520 litteras
1994 3460 2198 3518 multis
2226 3459 2391 3517 volu-

556 3551 812 3609 minibus
878 3570 1035 3610 nunc
1099 3558 1478 3628 exsequatur.
1569 3551 1758 3609 Multa
1821 3550 1917 3608 hic
1981 3556 2141 3607 certe
2205 3548 2392 3607 edidit

464 3652 518 3692 aa
557 3641 829 3713 carmina,
896 3642 1003 3699 sed
1066 3641 1127 3699 in
1191 3641 1321 3699 dies
1396 3642 1588 3699 soluta
1659 3640 1920 3698 oratione
1983 3640 2158 3713 longe
2221 3638 2393 3713 plura
