2796 4185
512 407 595 466 84
1120 423 1444 480 cmmvs,
1489 424 1564 464 me
1608 423 1822 465 roi-ms.

509 1413 559 1452 10

506 1858 556 1898 15

503 2303 556 2344 20

596 601 811 678 oppido
856 601 1282 677 Bagnacaballi,
1327 601 1390 659 in
1438 620 1554 678 quo
1599 602 1814 662 veteris
1842 608 1903 661 et
1929 601 2068 660 novi
2092 601 2430 662 testamenti

595 689 869 750 historias
934 697 1025 749 est
1088 691 1462 766 complexus3
1528 691 1601 749 de
1660 709 1776 768 quo
1837 690 1982 767 quid
2039 689 2203 750 aliud
2260 691 2433 750 vobis

596 779 804 853 dicam,
850 779 913 836 in
958 779 1288 855 praesentia
1330 797 1450 838 non
1477 779 1678 853 habe0,
1724 779 1840 838 nisi
1868 780 2026 856 quod
2055 797 2134 838 ex
2162 779 2433 838 Francis·

596 868 759 927 canis
833 868 1130 927 sodalibus
1198 886 1354 926 unus
1419 874 1511 928 est
1573 873 1632 928 et
1697 887 1830 928 esse
1892 870 2088 945 palam
2152 868 2434 945 cognosci

594 962 804 1033 potest.
905 956 1042 1014 Vidi
1115 961 1175 1016 et
1248 957 1505 1016 'rhomae
1577 957 1856 1017 Scaurani
1928 975 2136 1016 versus
2206 957 2436 1034 aliquot

595 1047 810 1121 elegOS,
857 1045 959 1121 qui
1002 1046 1123 1121 legi
1166 1065 1201 1104 a
1246 1046 1584 1106 semidoctis
1627 1051 1892 1122 possunt.
1961 1046 2072 1106 Est
2114 1052 2174 1105 et
2218 1046 2433 1105 Petrus

594 1134 867 1194 Zanchus
942 1135 1285 1210 Bergamas,
1363 1135 1468 1212 qui
1539 1143 1763 1194 mutato
1835 1135 1988 1194 vitae
2061 1135 2330 1194 instituto
2392 1154 2428 1193 a

596 1223 891 1282 sodalibus
936 1222 1193 1282 Basilius
1238 1223 1527 1284 vocitatus
1572 1229 1694 1301 est3
1742 1224 1890 1283 vivit
1932 1223 2128 1283 adhuc
2171 1243 2207 1282 a
2236 1223 2435 1300 prima

596 1312 723 1370 eius
796 1312 1193 1372 adnleseentia
1262 1312 1412 1370 mihi
1475 1313 1746 1388 cognitus
1809 1313 2029 1372 Romae
2091 1313 2154 1370 in
2217 1312 2434 1372 studiis

596 1401 876 1460 bonarum
918 1401 1246 1460 litterarum
1291 1407 1560 1461 versatus
1605 1420 1714 1461 nec
1753 1402 1950 1461 minus
1976 1402 2040 1460 in
2069 1401 2253 1460 sacris
2283 1402 2434 1462 bene

596 1489 878 1549 eruditus,
951 1490 1213 1549 Plurima
1256 1491 1331 1548 ad
1376 1491 1530 1550 hanc
1574 1490 1728 1550 diem
1774 1497 1901 1550 tum
1940 1491 2130 1550 soluta
2171 1490 2434 1550 oratione

593 1584 719 1637 tum
764 1579 1029 1655 pedestri
1067 1586 1128 1638 et
1157 1580 1415 1639 carmine
1442 1579 1806 1656 perscripsit,
1851 1581 2005 1638 inter
2031 1598 2180 1657 quae
2208 1580 2433 1638 Romae

593 1668 889 1744 publicata
932 1669 994 1726 in
1038 1686 1247 1727 manus
1276 1668 1602 1744 peritorum
1629 1676 1916 1744 vagantur
1940 1670 2058 1728 duo
2087 1669 2224 1727 libri
2251 1687 2436 1727 versu

592 1757 827 1816 heroico
872 1757 1151 1816 elaborati
1194 1757 1269 1816 ad
1297 1757 1540 1816 Petrum
1575 1757 1864 1816 Bembum
1911 1757 2280 1832 cardinalem,
2325 1758 2434 1836 qui

591 1845 991 1905 inscribuntur
1034 1846 1259 1906 Hortus
1304 1846 1568 1923 sophiae,
1621 1853 1684 1905 et
1735 1852 2038 1922 praeterea
2088 1846 2204 1906 alia
2249 1846 2428 1906 simul

592 1936 909 2012 impressa3
953 1941 1149 1995 exstat
1176 1941 1235 1994 et
1259 1935 1614 1996 laboriosum
1643 1953 1808 2011 opus,
1837 1936 1984 1994 silva
2011 1936 2428 1996 vocabulorum

592 2042 671 2083 ex
716 2023 951 2102 optimis
994 2024 1327 2084 auctoribus
1368 2024 1606 2101 linguae
1633 2024 1892 2099 Latinae,
1935 2025 2076 2084 item
2102 2024 2319 2084 Nizolii
2348 2042 2429 2083 ex

594 2113 871 2172 Cicerone
935 2114 1381 2191 paralipomena.
1486 2114 1678 2173 Iulius
1739 2114 2028 2190 Scaliger,
2092 2115 2196 2191 qui
2257 2114 2435 2191 prius

591 2202 885 2261 Burdonis
914 2202 1255 2279 cognomine
1284 2203 1412 2277 fuit,
1437 2203 1814 2277 VeronensiS,
1845 2204 2110 2281 apprime
2140 2203 2434 2278 eruditUS,

591 2309 710 2349 non
758 2291 947 2350 solum
996 2292 1185 2351 soluta
1229 2292 1509 2365 oratione,
1554 2292 1617 2351 in
1662 2311 1779 2369 qua
1822 2292 2102 2351 nonnulla
2128 2293 2434 2369 leguntur,

594 2380 700 2439 sed
759 2385 820 2439 et
876 2397 1051 2439 versu
1112 2381 1400 2457 quaedam
1459 2381 1696 2456 cecinit,
1754 2381 1910 2441 inter
1972 2400 2122 2459 quae
2179 2380 2434 2455 Elysius.

505 2479 595 2534 [96]
660 2468 967 2545 (poematis
1004 2470 1151 2527 haec
1178 2469 1484 2545 inscriptio
1520 2470 1648 2545 est),
1694 2471 1757 2529 in
1793 2489 1908 2547 quo
1951 2466 1958 2550 Ι
1997 2470 2252 2529 insulam
2278 2470 2427 2529 Padi

502 2746 555 2787 25

502 3638 553 3679 35

590 2556 917 2617 Belvedere
952 2558 1252 2617 Ferrariae
1298 2558 1468 2617 ducis
1513 2559 1769 2635 eleganti
1813 2559 2070 2618 carmine
2115 2558 2432 2635 descripsit

591 2652 651 2705 et
696 2664 929 2705 omnem
971 2648 1096 2706 fere
1140 2647 1482 2730 Estensium
1530 2648 1952 2724 genealogiam.
2041 2647 2250 2725 Nuper
2295 2647 2432 2707 eius

591 2735 860 2794 libellum
923 2736 999 2795 de
1061 2736 1326 2795 numeris
1391 2736 1632 2795 comicis
1702 2738 1827 2813 legi
1889 2738 2038 2795 mira
2102 2736 2432 2796 subtilitate

592 2825 1020 2898 concinnatum,
1065 2826 1212 2885 adeo
1258 2832 1327 2884 ut
1368 2826 1660 2885 interdum
1707 2825 1826 2884 nisi
1870 2827 2021 2885 bene
2065 2826 2130 2885 in
2161 2826 2432 2884 numeris

591 2920 863 2972 versatus
907 2914 1096 2973 lector
1142 2932 1207 2973 se
1261 2915 1454 2990 possit
1498 2914 1815 2990 explicare.
1908 2914 2160 2990 Scripsit
2205 2921 2266 2973 et
2309 2915 2434 2973 alia

592 3003 795 3077 multa,
852 3003 959 3061 sed
1017 3021 1166 3079 quae
1222 3021 1338 3062 non
1390 3004 1466 3061 ad
1519 3022 1646 3061 rem
1694 3004 1929 3063 faciunt.
2021 3003 2187 3061 Vivit
2229 3003 2433 3062 adhuc

593 3090 788 3167 Scipio
834 3091 1057 3151 Baldus
1100 3092 1445 3165 FinalensiS,
1501 3092 1597 3149 cui
1651 3092 1956 3167 ingenium
2009 3092 2085 3151 ad
2130 3092 2426 3168 poeticam

591 3198 842 3256 pronum
889 3198 1023 3238 esse
1070 3199 1148 3239 ex
1196 3180 1324 3239 eius
1370 3180 1646 3257 plurimis
1683 3181 1953 3240 versibus
1999 3182 2172 3240 facile
2211 3199 2430 3257 cogno-

592 3268 844 3345 scimus3
882 3270 1068 3327 multa
1103 3269 1302 3342 edidit,
1348 3270 1521 3345 plura
1555 3270 1750 3329 adhuc
1788 3270 2118 3347 supprimit.
2183 3270 2274 3329 De
2311 3270 2432 3329 hoc

590 3358 795 3416 multis
840 3376 957 3416 non
1002 3377 1189 3433 agam,
1236 3358 1405 3416 illum
1455 3358 1612 3417 enim
1657 3376 1763 3417 vos
1807 3358 1928 3434 ipsi
1972 3364 2033 3417 et
2069 3358 2428 3433 cognoscitis

592 3454 654 3505 et
678 3446 904 3505 amatis.
943 3446 1145 3505 Valuit
1173 3452 1233 3505 et
1260 3448 1574 3507 cardinalis
1589 3447 1878 3522 Aegidius
1907 3448 2165 3507 camnine
2192 3448 2427 3521 LatinO,

592 3536 697 3595 sed
732 3542 791 3595 et
826 3537 1140 3595 vernaculo
1176 3536 1579 3595 Etruscorum.
1643 3536 1898 3595 Exstant
1924 3536 2203 3596 nonnulla
2229 3537 2427 3613 ipsius

590 3626 748 3702 apud
768 3626 1053 3702 quosdam
1082 3626 1354 3701 carmina,
1384 3644 1536 3703 quae
1563 3625 1726 3683 illius
1744 3626 1971 3701 ingenii
2002 3626 2430 3685 sublimitatem
