2796 4185
471 411 554 469 10
1081 429 1408 484 omnum,
1453 429 1529 468 m:
1574 428 1785 470 Pol-ms.

556 610 662 664 est.
753 605 1142 665 Existimabat
1195 606 1294 664 ifle
1349 607 1588 683 quidem
1632 624 1861 665 mecum
1876 650 1891 680 ‚
1954 614 2022 665 ut
2082 611 2208 664 eae*
2231 605 2397 682 ipsae

557 694 826 770 regiones
859 713 1074 754 vacuae
1113 713 1184 754 ea
1215 695 1437 756 ratione
1474 695 1708 754 relictae
1750 695 2017 769 fuissent,
2064 701 2133 753 ut
2170 701 2395 754 nostro-

555 802 690 841 nun
733 790 1065 860 temporum
1093 784 1158 842 in
1185 785 1258 842 iis
1289 791 1497 861 poetae
1524 803 1593 843 ac
1622 785 1836 843 futuris
1862 784 2003 844 item
2032 784 2396 860 temporibus

555 873 1010 932 oonlooeoennu.
1103 873 1332 932 Videtis
1395 874 1552 932 eni'm
1614 879 1873 932 nostram
1932 874 2084 932 hanc
2141 879 2392 932 aetatem

463 975 520 1014 -5
557 979 674 1020 non
705 963 866 1020 senio
894 961 1230 1038 languidam
1259 969 1439 1039 atque
1464 963 1771 1035 defectam,
1816 968 1884 1020 ut:
1910 962 2125 1037 ingrati
2155 962 2395 1038 quidam

558 1050 790 1123 deflent,
847 1069 988 1109 cum
1041 1051 1108 1109 in
1165 1051 1326 1110 omni
1383 1051 1610 1127 poetioe
1662 1057 1723 1110 et
1774 1051 2005 1110 dicendi
2058 1058 2183 1110 arte
2236 1050 2397 1109 viros

557 1139 914 1198 excellentes
967 1140 1280 1216 protulisse
1331 1131 1469 1198 ''tum
1523 1141 1588 1198 in
1640 1140 1882 1216 reliquis
1928 1139 2095 1198 bonis
2138 1140 2392 1215 artibus;

557 1245 710 1301 nam,
753 1235 822 1286 ut
857 1229 1125 1287 liberales
1170 1229 1415 1303 mittam,
1460 1231 1565 1288 res'
1602 1229 1885 1304 militam,
1930 1215 2397 1301 architectonica}

559 1316 814 1392 pictura,
873 1318 1199 1394 sculptura,
1260 1319 1517 1395 reliquae
1576 1325 1775 1378 nostro
1829 1317 1939 1376 hoc
1997 1325 2259 1394 tempore
2312 1317 2396 1376 ita

473 1419 524 1457 10
559 1406 771 1464 florent
811 1407 1146 1483 vigentque,
1193 1409 1261 1466 ut
1303 1425 1422 1466 11011
1466 1407 1639 1466 1110ᾱο
1676 1407 1959 1482 aemulari
1988 1407 2395 1483 antiquitatem

559 1494 676 1552 dici
720 1498 947 1570 possint
987 1497 1174 1554 nostri
1217 1497 1477 1573 opificeS,
1537 1497 1641 1556 sed
1685 1496 1863 1555 etiam
1908 1496 2095 1554 multa
2138 1495 2395 1572 antiquis

558 1583 838 1642 intentata
881 1585 1160 1660 effingere
1199 1592 1260 1644 et
1288 1587 1679 1661 conformare3
1726 1603 1875 1662 quae
1922 1585 2195 1662 quoniam
2238 1603 2397 1643 nunc

557 1678 618 1731 et
677 1673 822 1731 hora
883 1679 946 1731 et
997 1673 1162 1732 locus
1221 1681 1288 1733 ut
1349 1691 1801 1735 commemorem
1868 1693 1986 1733 non
2016 1695 2025 1702 ·
2050 1674 2397 1750 permittunt

557 1768 621 1820 et
665 1779 771 1820 vos
814 1761 958 1820 alias
977 1763 1310 1841 audivistiS‚
1353 1765 1418 1822 in
1448 1764 1779 1840 praesentia
1806 1763 2139 1840 praetem?
2206 1762 2394 1835 ‘Tum‚

472 1864 522 1903 15
559 1850 798 1923 unum’,.
840 1851 1031 1928 inquit:
1082 1852 1288 1926 Iulius,¹
1341 1854 1472 1912 ‘hoc
1524 1859 1585 1912 te
1638 1859 1907 1928 rogatum
1960 1852 2251 1925 volumus,
2310 1857 2395 1924 ut,

559 1957 707 2016 quos
752 1946 818 1998 tu
861 1948 1196 2000 nostrorum
1240 1949 1573 2019 temporum
1610 1948 1812 2018 poetas
1842 1941 1914 2000 iis
1944 1941 2017 1999 in·
2036 1941 2396 2016 regiunculis

557 2029 759 2105 reponi
777 2028 988 2106 dignos
1014 2048 1272 2105 censeas,
1285 2032 1453 2090 nobis
1473 2031 1569 2089 hic
1585 2030 2041 2090 commemores?
2068 2029 2394 2103 ΑΑι·(11111111’,

556 2119 812 2195 inquam,
867 2124 944 2179 ‘et
993 2121 1342 2196 perdifficile
1397 2122 1542 2179 mihi
1596 2138 1749 2179 onus
1796 2120 2097 2197 imponitis
2140 2125 2201 2179 et
2244 2119 2396 2177 meis

557 2207 730 2283 longe
805 2209 1025 2269 umeris
1085 2200 1293 2286 irnpar.
1364 2211 1508 2269 ·Est
1566 2210 1750 2283 enim,
1828 2216 1895 2267 ut
1964 2210 2047 2267 ait
2112 2208 2394 2280 VelleiuS,

466 2309 522 2349 20
559 2307 650 2362 [1⁴]
679 2297 944 2357 vivorum
971 2300 1220 2357 censura
1235 2299 1597 2376 perdifficilis
1630 2308 1817 2375 eoque
1846 2298 1990 2359 mihi
2006 2298 2117 2357 dif-
2140 2292 2147 2380 1
2170 2297 2394 2369 ficilior,

554 2387 714 2461 quod
755 2392 962 2463 poetae
986 2388 1219 2447 nomine
1249 2389 1493 2464 dignum
1524 2406 1619 2447 me
1648 2388 1811 2446 nulla
1828 2406 1906 2446 ex
1937 2396 2103 2464 parte
2134 2404 2391 2463 unquam

557 2475 906 2535 existimavi.
1019 2475 1230 2535 ‘Potuit
1303 2480 1417 2537 hoc
1496 2484 1793 2554 praestare
1874 2477 2130 2553 optimus
2202 2481 2397 2534 orator

558 2562 636 2623 M.
657 2564 862 2623 Cicero
889 2566 963 2625 de
981 2566 1305 2625 oratoribus
1321 2585 1533 2643 agens:
1553 2568 1635 2625 At
1652 2586 1759 2643 per
1774 2567 1968 2625 Deum
1986 2564 2395 2636 inmortalem,

433 2706 446 2716 .
557 2652 708 2728 quis·
736 2672 846 2729 ego
893 2672 1041 2728 sum,
1089 2660 1157 2713 ut:
1197 2656 1350 2715 inter
1391 2662 1480 2715 tot
1504 2656 1843 2715 nostrorum
1872 2662 2207 2731 temporum
2236 2654 2395 2711 viros

467 2755 522 2795 25
559 2740 928 2802 doctissimos
989 2743 1064 2803 de
1125 2745 1376 2820 ingeniis
1441 2746 1758 2821 quicquam
1816 2744 2125 2803 aestimare
2184 2742 2395 2816 ausim,

535 2831 770 2889 nedum
831 2834 1178 2892 sententiam
1232 2836 1386 2893 ferre
1400 2838 1429 2893 ‘?
1494 2834 1723 2893 Videtis
1768 2834 1847 2892 M.
1892 2833 2089 2909 ipsum
2136 2831 2395 2891 Tullium

555 2925 618 2978 et
659 2920 905 2979 Fabium
951 2920 1372 2995 Quintilianum
1417 2941 1548 2982 eam
1592 2928 1827 2982 omnem
1881 2927 2107 2999 partem
2154 2939 2394 2979 suorum

559 3015 889 3084 temporum
952 3012 1275 3087 reliquisse.
1380 3012 1612 3089 Quippe
1674 3013 1737 3071 in
1796 3012 1978 3071 Bruto
2008 3060 2013 3065 .
2042 3010 2245 3070 Cicero
2306 3016 2395 3068 tot

557 3097 794 3156 milibus
819 3117 1097 3158 versuum
1130 3101 1204 3159 de
1222 3102 1503 3160 Romanis
1526 3107 1769 3161 tantum·
1786 3100 2106 3159 oratoribus
2134 3099 2397 3175 loquitur

463 3188 521 3240 '30
558 3192 618 3244 et
680 3192 875 3247 tamen
933 3190 1009 3247 de
1063 3190 1332 3249 omnibus
1393 3190 1601 3250 aetatis
1658 3209 1816 3263 suae,
1856 3189 2232 3265 quibuscum
2293 3188 2397 3246 ille

459 3282 468 3292 '
557 3276 804 3350 vivebat,
829 3278 1094 3354 exceptis
1125 3278 1374 3338 Caesare
1412 3287 1589 3355 atque
1617 3279 1894 3339 Marcello
1927 3278 2224 3337 silentium
2272 3277 2398 3353 egit.

555 3383 626 3423 ea
679 3364 969 3441 videlicet,
1029 3374 1097 3425 ut
1149 3368 1231 3428 ait
1283 3369 1532 3442 Atticus,
1592 3387 1769 3426 causa
1821 3368 2062 3440 verituS,
2124 3384 2199 3424 ne
2259 3367 2396 3443 quis

556 3459 659 3513 aut
721 3472 786 3513 se
848 3458 1229 3531 praeteritum
1295 3464 1401 3517 aut
1461 3476 1579 3516 non
1642 3458 1783 3516 satis
1854 3456 2157 3515 laudatum
2227 3456 2393 3532 queri

555 3550 771 3618 posset.
803 3544 1018 3604 Fabius
1042 3564 1195 3618 vero,
1217 3566 1351 3604 cum
1367 3548 1493 3606 fere
1511 3548 1793 3605 bonorum
1809 3546 2073 3605 omnium
2088 3551 2393 3604 auctorum

459 3646 520 3685 35
557 3633 723 3709 quasi
769 3633 1019 3695 indicem
1047 3654 1124 3693 ex
1164 3636 1511 3695 bibliotheca
1538 3636 1837 3713 proferret,
1866 3635 2131 3693 viventes
2161 3650 2396 3711 quoque
