2796 4185
440 353 524 414 42
1043 371 1365 424 GYRALDvs,
1412 371 1486 409 DE
1532 371 1744 410 POETIS.

526 548 589 607 in
648 548 976 624 pangendis
1036 548 1393 606 carminibus
1451 547 1601 606 mira
1659 547 1936 606 facilitate
1997 553 2059 607 et
2115 548 2360 623 argutia,

527 656 644 696 non
672 637 801 696 sine
828 639 1050 712 lepore,
1088 637 1375 695 candidus
1421 642 1610 712 poeta,
1659 637 1765 695 sed
1797 641 1858 695 et
1885 638 2076 695 soluta
2102 637 2360 695 oratione

527 745 718 803 neque
746 727 940 785 infans
958 744 1150 802 neque
1178 726 1496 801 inelegans,
1526 731 1592 784 ut
1621 726 1750 784 eius
1779 725 1840 783 in
1869 732 2120 802 utroque
2143 745 2360 801 genere

528 815 747 891 scripta
810 815 1125 874 declarant.
1222 817 1298 873 At
1350 815 1728 874 Franciscum
1781 815 2028 873 Mariam
2087 815 2360 874 Molciam

462 917 490 956 5
527 905 919 963 Mutinensem
981 908 1041 962 et
1084 905 1349 962 Marcum
1394 904 1717 962 Antonium
1761 903 2114 962 Flaminium
2157 903 2358 962 adule-

528 998 763 1052 scentes
821 993 968 1052 adeo
1026 995 1309 1051 bonarum
1355 993 1684 1052 litterarum
1732 993 1926 1050 studio
1971 993 2362 1052 inflammatos

529 1082 717 1154 vide0,
778 1088 845 1140 ut
901 1081 1141 1140 assidue
1200 1083 1371 1140 ambo
1418 1082 1518 1139 vel
1570 1081 1752 1140 libros
1799 1083 2070 1140 evolvant
2115 1082 2211 1140 vel
2257 1083 2361 1141 ali-

528 1171 671 1246 quid
717 1171 832 1247 ipsi
890 1176 1269 1246 componant3
1336 1171 1412 1228 de
1472 1177 1724 1247 utroque
1783 1189 1996 1245 magna
2055 1172 2360 1247 concipere

528 1277 859 1334 possumne,
906 1278 1019 1318 nec
1064 1260 1255 1318 80111111
1284 1259 1365 1320 'hi
1411 1258 1788 1317 humanitatis
1835 1260 2125 1318 flosculos.
2139 1261 2360 1335 legunt,

439 1361 491 1400 10
530 1349 635 1406 sed
680 1349 931 1406 ulterius
980 1347 1175 1409 studia
1230 1346 1336 1408 s'ua
1395 1349 1716 1424 proferunt.
1808 1349 2158 1408 Franciscus
2204 1350 2362 1408 enim

528 1442 662 1512 pos-t
707 1437 1034 1510 vernacula,
1082 1437 1143 1494 in
1184 1437 1400 1514 quibus
1449 1455 1590 1496 suae
1643 1437 1762 1495 iam
1809 1438 2155 1496 eruditionis
2201 1445 2361 1497 certa

528 1527 879 1585 documenta
940 1526 1133 1600 dedit,
1193 1526 1403 1585 Latina
1462 1525 1704 1584 Graecis
1765 1531 1826 1584 et
1877 1524 2166 1586 Hebraeis
2227 1545 2361 1586 con-

527 1615 719 1690 iungit
800 1621 861 1673 et
874 1661 887 1688 ,
971 1616 1113 1674 licet
1184 1616 1365 1674 nimio
1449 1615 1586 1691 plus
1667 1616 1984 1674 mulierum
2065 1617 2362 1675 amoribus

530 1705 789 1762 insanire
817 1705 1103 1779 videatur,
1150 1704 1305 1762 inter
1350 1705 1652 1762 rarissima
1696 1711 1894 1763 tamen
1940 1705 2180 1780 ingenia
2225 1724 2362 1763 con-

440 1805 489 1844 15
526 1794 941 1852 numerandus
1021 1793 1344 1851 Flaminius
1400 1812 1540 1852 vero
1603 1793 1923 1870 sapientiae
1985 1795 2182 1852 studia
2225 1813 2360 1852 cum

526 1889 775 1958 utraque
820 1881 1023 1957 lingua
1070 1883 1387 1958 coniungit,
1436 1888 1496 1941 et
1539 1883 1656 1940 nisi
1683 1882 1878 1940 acrius
1907 1902 2044 1941 eum
2077 1884 2360 1941 stomachi

527 1972 768 2030 morbus
814 1977 1079 2045 urgeret,
1142 1971 1361 2047 paucos
1408 1972 1464 2029 ei
1511 1973 1777 2030 conferre
1822 1985 2160 2048 possemus·
2244 1973 2358 2032 Sed

527 2061 610 2119 ita
656 2066 1057 2137 comparatum
1106 2065 1212 2135 est,
1258 2065 1325 2120 ut
1370 2061 1670 2137 praeclara
1705 2058 1944 2136 ingenia
1970 2062 2096 2120 fere
2127 2079 2363 2139 semper

526 2150 750 2226 aliquid
778 2150 1019 2208 infestet
1048 2155 1107 2208 et
1136 2150 1503 2209 interturbet.
1561 2150 1749 2223 Quem
1779 2150 1855 2209 ad
1886 2151 2128 2209 modum
2155 2150 2362 2209 itidem

436 2250 491 2291 20
526 2240 699 2297 audio
728 2238 1081 2313 Longolium
1108 2239 1385 2297 iuvenem
1415 2238 1857 2299 Macliniensem
1885 2240 2042 2297 inter
2065 2241 2364 2298 barbaros

526 2334 730 2386 natum
776 2332 837 2385 et
879 2328 1064 2385 altum
1119 2328 1201 2387 ita
1245 2329 1426 2387 bonas
1485 2328 1712 2387 litteras
1771 2329 2048 2405 amplecti
2065 2374 2079 2401 ,
2135 2334 2202 2387 ut
2248 2329 2362 2386 nisi

525 2418 776 2475 adversa
834 2416 1109 2475 valetudo
1168 2419 1389 2491 obstet,
1452 2418 1617 2475 brevi
1687 2418 1764 2476 sit
1823 2417 2066 2476 Latinae
2125 2418 2362 2493 linguae

526 2524 641 2564 non
700 2524 909 2581 parum
968 2506 1271 2565 adlaturus
1331 2508 1674 2565 ornamenti.
1765 2507 1943 2565 Dedit
2005 2506 2104 2565 hic
2158 2507 2362 2582 utique

528 2614 808 2670 magnum
854 2595 1077 2669 ingenii
1106 2596 1424 2671 specimen,
1472 2614 1609 2653 cum
1636 2596 1899 2655 Romana
1937 2598 2083 2655 urbe
2113 2596 2362 2654 donatus

436 2696 491 2736 25
527 2685 787 2742 actiones
848 2684 995 2743 duas
1054 2685 1241 2743 edidit
1298 2686 1359 2743 in
1415 2685 1700 2742 Melinum
1748 2684 1988 2743 Celsum
2033 2684 2362 2743 Romanum

526 2774 982 2846 adulescentem,
1012 2772 1115 2849 qui
1141 2774 1493 2849 Longolium
1520 2774 1716 2849 ipsum
1743 2773 2164 2849 perduellionis
2192 2792 2361 2831 reum

528 2862 931 2939 superioribus
996 2862 1203 2921 diebus
1266 2869 1468 2938 egerat
1526 2863 1698 2938 eique
1757 2868 1919 2921 tanta
1963 2862 2258 2937 elegantia
2303 2868 2364 2921 et

438 2962 523 3015 150]
572 2951 945 3009 contentione
1022 2951 1182 3009 diem
1258 2952 1345 3009 di·
1387 2948 1393 3031 Ι
1436 2958 1634 3025 xerat,
1683 2957 1778 3010 -ut
1857 2958 1980 3009 tam
2053 2957 2362 3010 venustam

527 3040 781 3099 hominis
808 3040 1055 3098 Romani
1099 3038 1390 3099 actionem'
1431 3040 1657 3098 veritus
1685 3041 2007 3115 Longolius
2037 3041 2189 3098 clam
2216 3042 2362 3099 urbe

434 3141 491 3182 ao
528 3128 806 3205 cesserit3
862 3129 925 3185 in
970 3147 1147 3205 quam
1200 3134 1394 3187 tamen
1441 3128 1645 3187 Melini
1705 3130 2027 3187 orationem
2071 3130 2224 3187 fama
2272 3135 2363 3187 est

471 3216 477 3221 ’
526 3219 770 3289 111111108,
818 3218 976 3293 quod
1018 3218 1270 3294 quisque
1317 3218 1634 3293 potuisset,
1682 3218 2019 3277 contulisse.
2091 3217 2209 3276 Sed
2256 3236 2361 3293 pro

526 3307 707 3379 dolor,
755 3307 914 3365 hunc
958 3307 1418 3379 adulescentem,
1463 3307 1563 3382 qui
1610 3306 1872 3365 omnium
1911 3306 2137 3365 animos
2187 3306 2362 3382 paulo

525 3402 661 3454 ante
716 3396 777 3453 in
834 3396 927 3453 sui
972 3395 1438 3475 'admirationem
1500 3401 1787 3468 traxerat,
1844 3396 2044 3453 invida
2089 3402 2150 3453 et
2194 3414 2362 3471 prae-

526 3503 777 3561 propera
835 3503 994 3542 mors
1052 3482 1323 3558 abstulit,
1380 3502 1532 3560 quae
1591 3485 1737 3543 adeo
1783 3486 2018 3557 acerba,
2066 3490 2132 3542 ut
2179 3484 2360 3559 801118,

434 3586 490 3627 35
529 3574 641 3632 fuit
685 3574 851 3631 bonis
898 3574 1185 3647 omnibuS,
1233 3580 1301 3632 ut
1344 3592 1482 3632 cum
1509 3573 1709 3631 Leone
1737 3574 1811 3631 X.
1841 3574 2126 3649 pontifice·
2144 3573 2361 3649 optimo
